%% This BibTeX bibliography file was created using BibDesk.
%% http://bibdesk.sourceforge.net/


%% Created for Kevin Gullikson at 2014-05-27 15:12:18 -0500 


%% Saved with string encoding Unicode (UTF-8) 



@inproceedings{Stamatellos2011b,
	Adsnote = {Provided by the SAO/NASA Astrophysics Data System},
	Adsurl = {http://adsabs.harvard.edu/abs/2011IAUS..270..223S},
	Archiveprefix = {arXiv},
	Author = {{Stamatellos}, D. and {Whitworth}, A.},
	Booktitle = {Computational Star Formation},
	Date-Added = {2014-05-27 15:10:40 -0500},
	Date-Modified = {2014-05-27 15:10:40 -0500},
	Doi = {10.1017/S174392131100041X},
	Editor = {{Alves}, J. and {Elmegreen}, B.~G. and {Girart}, J.~M. and {Trimble}, V.},
	Eprint = {1009.4561},
	Keywords = {Stars: formation, Stars: low-mass, brown dwarfs, accretion, accretion disks, Methods: Numerical, Radiative transfer, Hydrodynamics},
	Month = apr,
	Pages = {223-226},
	Primaryclass = {astro-ph.GA},
	Series = {IAU Symposium},
	Title = {{The formation of brown dwarfs in discs: Physics, numerics, and observations}},
	Volume = 270,
	Year = 2011,
	Bdsk-Url-1 = {http://dx.doi.org/10.1017/S174392131100041X}
	}

@ARTICLE{Johnson2010,
   author = {{Johnson}, J.~A. and {Aller}, K.~M. and {Howard}, A.~W. and 
	{Crepp}, J.~R.},
    title = "{Giant Planet Occurrence in the Stellar Mass-Metallicity Plane}",
  journal = {\pasp},
archivePrefix = "arXiv",
   eprint = {1005.3084},
 primaryClass = "astro-ph.EP",
 keywords = {Extrasolar Planets},
     year = 2010,
    month = aug,
   volume = 122,
    pages = {905-915},
      doi = {10.1086/655775},
   adsurl = {http://adsabs.harvard.edu/abs/2010PASP..122..905J},
  adsnote = {Provided by the SAO/NASA Astrophysics Data System}
}

@ARTICLE{Johnson2011,
   author = {{Johnson}, J.~A. and {Clanton}, C. and {Howard}, A.~W. and {Bowler}, B.~P. and 
	{Henry}, G.~W. and {Marcy}, G.~W. and {Crepp}, J.~R. and {Endl}, M. and 
	{Cochran}, W.~D. and {MacQueen}, P.~J. and {Wright}, J.~T. and 
	{Isaacson}, H.},
    title = "{Retired A Stars and Their Companions. VII. 18 New Jovian Planets}",
  journal = {\apjs},
archivePrefix = "arXiv",
   eprint = {1108.4205},
 primaryClass = "astro-ph.EP",
 keywords = {binaries: spectroscopic, planetary systems, techniques: photometric, techniques: radial velocities},
     year = 2011,
    month = dec,
   volume = 197,
      eid = {26},
    pages = {26},
      doi = {10.1088/0067-0049/197/2/26},
   adsurl = {http://adsabs.harvard.edu/abs/2011ApJS..197...26J},
  adsnote = {Provided by the SAO/NASA Astrophysics Data System}
}



@article{Larson1972,
	Adsnote = {Provided by the SAO/NASA Astrophysics Data System},
	Adsurl = {http://adsabs.harvard.edu/abs/1972MNRAS.156..437L},
	Author = {{Larson}, R.~B.},
	Date-Added = {2014-05-27 15:10:40 -0500},
	Date-Modified = {2014-05-27 15:10:40 -0500},
	Journal = {\mnras},
	Pages = {437},
	Title = {{The Collapse of a Rotating Cloud}},
	Volume = 156,
	Year = 1972}

@article{Duchene2013,
	Adsnote = {Provided by the SAO/NASA Astrophysics Data System},
	Adsurl = {http://adsabs.harvard.edu/abs/2013ARA%26A..51..269D},
	Archiveprefix = {arXiv},
	Author = {{Duch{\^e}ne}, G. and {Kraus}, A.},
	Date-Added = {2014-05-27 15:10:40 -0500},
	Date-Modified = {2014-05-27 15:10:40 -0500},
	Doi = {10.1146/annurev-astro-081710-102602},
	Eprint = {1303.3028},
	Journal = {\araa},
	Month = aug,
	Pages = {269-310},
	Primaryclass = {astro-ph.SR},
	Title = {{Stellar Multiplicity}},
	Volume = 51,
	Year = 2013,
	Bdsk-Url-1 = {http://dx.doi.org/10.1146/annurev-astro-081710-102602}}

@article{DeRosa2014,
	Adsnote = {Provided by the SAO/NASA Astrophysics Data System},
	Adsurl = {http://adsabs.harvard.edu/abs/2014MNRAS.437.1216D},
	Archiveprefix = {arXiv},
	Author = {{De Rosa}, R.~J. and {Patience}, J. and {Wilson}, P.~A. and {Schneider}, A. and {Wiktorowicz}, S.~J. and {Vigan}, A. and {Marois}, C. and {Song}, I. and {Macintosh}, B. and {Graham}, J.~R. and {Doyon}, R. and {Bessell}, M.~S. and {Thomas}, S. and {Lai}, O.},
	Date-Added = {2014-05-27 15:10:40 -0500},
	Date-Modified = {2014-05-27 15:10:40 -0500},
	Doi = {10.1093/mnras/stt1932},
	Eprint = {1311.7141},
	Journal = {\mnras},
	Keywords = {techniques: high angular resolution, binaries: close, binaries: general, binaries: visual, stars: early-type},
	Month = jan,
	Pages = {1216-1240},
	Primaryclass = {astro-ph.SR},
	Title = {{The VAST Survey - III. The multiplicity of A-type stars within 75 pc}},
	Volume = 437,
	Year = 2014,
	Bdsk-Url-1 = {http://dx.doi.org/10.1093/mnras/stt1932}}

@article{Krumholz2007,
	Adsnote = {Provided by the SAO/NASA Astrophysics Data System},
	Adsurl = {http://adsabs.harvard.edu/abs/2007ApJ...656..959K},
	Author = {{Krumholz}, M.~R. and {Klein}, R.~I. and {McKee}, C.~F.},
	Doi = {10.1086/510664},
	Eprint = {arXiv:astro-ph/0609798},
	Journal = {\apj},
	Keywords = {Accretion, Accretion Disks, Equation of State, ISM: Clouds, Methods: Numerical, Radiative Transfer, Stars: Formation},
	Month = feb,
	Pages = {959-979},
	Title = {{Radiation-Hydrodynamic Simulations of Collapse and Fragmentation in Massive Protostellar Cores}},
	Volume = 656,
	Year = 2007,
	Bdsk-Url-1 = {http://dx.doi.org/10.1086/510664}}


@ARTICLE{Baraffe1998,
   author = {{Baraffe}, I. and {Chabrier}, G. and {Allard}, F. and {Hauschildt}, P.~H.
	},
    title = "{Evolutionary models for solar metallicity low-mass stars: mass-magnitude relationships and color-magnitude diagrams}",
  journal = {\aap},
   eprint = {astro-ph/9805009},
 keywords = {STARS: LOW-MASS, BROWN DWARFS, STARS: EVOLUTION, STARS: HERTZSPRUNG-RUSSEL (HR) AND C-M DIAGRAMS, STARS: INTERIORS, STARS: ATMOSPHERES},
     year = 1998,
    month = sep,
   volume = 337,
    pages = {403-412},
   adsurl = {http://adsabs.harvard.edu/abs/1998A%26A...337..403B},
  adsnote = {Provided by the SAO/NASA Astrophysics Data System}
}



@ARTICLE{Hauschildt2005,
   author = {{Hauschildt}, P. and {Baron}, E.},
    title = "{Cool stellar atmospheres with PHOENIX .}",
  journal = {Memorie della Societa Astronomica Italiana Supplementi},
 keywords = {Stellar Atmospheres, Giants, numerical algorithms},
     year = 2005,
   volume = 7,
    pages = {140},
   adsurl = {http://adsabs.harvard.edu/abs/2005MSAIS...7..140H},
  adsnote = {Provided by the SAO/NASA Astrophysics Data System}
}


@article{BonnellBate2005,
	Adsnote = {Provided by the SAO/NASA Astrophysics Data System},
	Adsurl = {http://adsabs.harvard.edu/abs/2005MNRAS.362..915B},
	Author = {{Bonnell}, I.~A. and {Bate}, M.~R.},
	Doi = {10.1111/j.1365-2966.2005.09360.x},
	Eprint = {arXiv:astro-ph/0506689},
	Journal = {\mnras},
	Keywords = {binaries: general, stars: formation, stars: luminosity function, mass function, open clusters and associations: general},
	Month = sep,
	Pages = {915-920},
	Title = {{Binary systems and stellar mergers in massive star formation}},
	Volume = 362,
	Year = 2005,
	Bdsk-Url-1 = {http://dx.doi.org/10.1111/j.1365-2966.2005.09360.x}}

@article{Zinnecker2007,
	Adsnote = {Provided by the SAO/NASA Astrophysics Data System},
	Adsurl = {http://adsabs.harvard.edu/abs/2007ARA%26A..45..481Z},
	Archiveprefix = {arXiv},
	Author = {{Zinnecker}, H. and {Yorke}, H.~W.},
	Doi = {10.1146/annurev.astro.44.051905.092549},
	Eprint = {0707.1279},
	Journal = {\araa},
	Month = sep,
	Pages = {481-563},
	Title = {{Toward Understanding Massive Star Formation}},
	Volume = 45,
	Year = 2007,
	Bdsk-Url-1 = {http://dx.doi.org/10.1146/annurev.astro.44.051905.092549}}

@article{Kratter2008,
	Adsnote = {Provided by the SAO/NASA Astrophysics Data System},
	Adsurl = {http://adsabs.harvard.edu/abs/2008ApJ...681..375K},
	Archiveprefix = {arXiv},
	Author = {{Kratter}, K.~M. and {Matzner}, C.~D. and {Krumholz}, M.~R.},
	Doi = {10.1086/587543},
	Eprint = {0709.4252},
	Journal = {\apj},
	Keywords = {Accretion, Accretion Disks, Stars: Binaries: General, ISM: Clouds, Stars: Formation},
	Month = jul,
	Pages = {375-390},
	Title = {{Global Models for the Evolution of Embedded, Accreting Protostellar Disks}},
	Volume = 681,
	Year = 2008,
	Bdsk-Url-1 = {http://dx.doi.org/10.1086/587543}}

@article{Kratter2006,
	Adsnote = {Provided by the SAO/NASA Astrophysics Data System},
	Adsurl = {http://adsabs.harvard.edu/abs/2006MNRAS.373.1563K},
	Author = {{Kratter}, K.~M. and {Matzner}, C.~D.},
	Doi = {10.1111/j.1365-2966.2006.11103.x},
	Eprint = {arXiv:astro-ph/0609692},
	Journal = {\mnras},
	Keywords = {accretion, accretion discs, instabilities, stars: early-type, stars: formation},
	Month = dec,
	Pages = {1563-1576},
	Title = {{Fragmentation of massive protostellar discs}},
	Volume = 373,
	Year = 2006,
	Bdsk-Url-1 = {http://dx.doi.org/10.1111/j.1365-2966.2006.11103.x}}

@article{Peter2012,
	Adsnote = {Provided by the SAO/NASA Astrophysics Data System},
	Adsurl = {http://adsabs.harvard.edu/abs/2012A%26A...538A..74P},
	Author = {{Peter}, D. and {Feldt}, M. and {Henning}, T. and {Hormuth}, F.},
	Doi = {10.1051/0004-6361/201015027},
	Eid = {A74},
	Journal = {\aap},
	Keywords = {binaries: close, stars: formation, stars: massive},
	Month = feb,
	Pages = {A74},
	Title = {{Massive binaries in the Cepheus OB2/3 region. Constraining the formation mechanism of massive stars}},
	Volume = 538,
	Year = 2012,
	Bdsk-Url-1 = {http://dx.doi.org/10.1051/0004-6361/201015027}}

@inproceedings{Sana2011,
	Adsnote = {Provided by the SAO/NASA Astrophysics Data System},
	Adsurl = {http://adsabs.harvard.edu/abs/2011IAUS..272..474S},
	Archiveprefix = {arXiv},
	Author = {{Sana}, H. and {Evans}, C.~J.},
	Booktitle = {IAU Symposium},
	Doi = {10.1017/S1743921311011124},
	Editor = {{C.~Neiner, G.~Wade, G.~Meynet, \& G.~Peters}},
	Eprint = {1009.4197},
	Keywords = {binaries (including multiple): close, binaries: general, binaries: spectroscopic, binaries: visual, stars: early-type, open clusters and associations: individual (Col 228, IC1 805, IC 1848, IC 2944, NGC 330, NGC 346, NGC 2004, NGC 2244, NGC 6231, NGC 6611, N 11, Tr 14, Tr 16, West 1, 30 Dor)},
	Month = jul,
	Pages = {474-485},
	Primaryclass = {astro-ph.SR},
	Series = {IAU Symposium},
	Title = {{The multiplicity of massive stars}},
	Volume = 272,
	Year = 2011,
	Bdsk-Url-1 = {http://dx.doi.org/10.1017/S1743921311011124}}

@article{Stamatellos2011,
	Adsnote = {Provided by the SAO/NASA Astrophysics Data System},
	Adsurl = {http://adsabs.harvard.edu/abs/2011EPJWC..1605001S},
	Author = {{Stamatellos}, D. and {Whitworth}, A.},
	Doi = {10.1051/epjconf/20111605001},
	Eid = {05001},
	Journal = {Research, Science and Technology of Brown Dwarfs and Exoplanets: Proceedings of an International Conference held in Shangai on Occasion of a Total Eclipse of the Sun, Shangai, China, Edited by E.L.~Martin; J.~Ge; W.~Lin; EPJ Web of Conferences, Volume 16, id.05001},
	Month = jul,
	Pages = {5001},
	Title = {{Brown dwarfs forming in discs: Where to look for them?}},
	Volume = 16,
	Year = 2011,
	Bdsk-Url-1 = {http://dx.doi.org/10.1051/epjconf/20111605001}}

@article{Grether2006,
	Adsnote = {Provided by the SAO/NASA Astrophysics Data System},
	Adsurl = {http://adsabs.harvard.edu/abs/2006ApJ...640.1051G},
	Author = {{Grether}, D. and {Lineweaver}, C.~H.},
	Doi = {10.1086/500161},
	Eprint = {arXiv:astro-ph/0412356},
	Journal = {\apj},
	Keywords = {Stars: Low-Mass, Brown Dwarfs},
	Month = apr,
	Pages = {1051-1062},
	Title = {{How Dry is the Brown Dwarf Desert? Quantifying the Relative Number of Planets, Brown Dwarfs, and Stellar Companions around Nearby Sun-like Stars}},
	Volume = 640,
	Year = 2006,
	Bdsk-Url-1 = {http://dx.doi.org/10.1086/500161}}

@article{Goodwin2007,
	Adsnote = {Provided by the SAO/NASA Astrophysics Data System},
	Adsurl = {http://adsabs.harvard.edu/abs/2007prpl.conf..133G},
	Author = {{Goodwin}, S.~P. and {Kroupa}, P. and {Goodman}, A. and {Burkert}, A.},
	Eprint = {arXiv:astro-ph/0603233},
	Journal = {Protostars and Planets V},
	Pages = {133-147},
	Title = {{The Fragmentation of Cores and the Initial Binary Population}},
	Year = 2007}

@article{Duquennoy1991,
	Adsnote = {Provided by the SAO/NASA Astrophysics Data System},
	Adsurl = {http://adsabs.harvard.edu/abs/1991A%26A...248..485D},
	Author = {{Duquennoy}, A. and {Mayor}, M.},
	Journal = {\aap},
	Keywords = {BINARY STARS, DWARF STARS, G STARS, SOLAR NEIGHBORHOOD, STELLAR ORBITS, BROWN DWARF STARS, ORBITAL ELEMENTS, PECULIAR STARS, RADIAL VELOCITY, STELLAR EVOLUTION, VARIABLE STARS},
	Month = aug,
	Pages = {485-524},
	Title = {{Multiplicity among solar-type stars in the solar neighbourhood. II - Distribution of the orbital elements in an unbiased sample}},
	Volume = 248,
	Year = 1991}

@article{Mason2009,
	Adsnote = {Provided by the SAO/NASA Astrophysics Data System},
	Adsurl = {http://adsabs.harvard.edu/abs/2009AJ....137.3358M},
	Archiveprefix = {arXiv},
	Author = {{Mason}, B.~D. and {Hartkopf}, W.~I. and {Gies}, D.~R. and {Henry}, T.~J. and {Helsel}, J.~W.},
	Doi = {10.1088/0004-6256/137/2/3358},
	Eprint = {0811.0492},
	Journal = {\aj},
	Keywords = {binaries: general, binaries: visual, stars: early-type, stars: individual: iota Ori delta Ori delta Sco, techniques: interferometric},
	Month = feb,
	Pages = {3358-3377},
	Title = {{The High Angular Resolution Multiplicity of Massive Stars}},
	Volume = 137,
	Year = 2009,
	Bdsk-Url-1 = {http://dx.doi.org/10.1088/0004-6256/137/2/3358}}

@article{Soderhjelm2000,
	Adsnote = {Provided by the SAO/NASA Astrophysics Data System},
	Adsurl = {http://adsabs.harvard.edu/abs/2000AN....321..165S},
	Author = {{S{\"o}derhjelm}, S.},
	Doi = {10.1002/1521-3994(200008)321:3<165::AID-ASNA165>3.0.CO;2-Z},
	Journal = {Astronomische Nachrichten},
	Pages = {165-170},
	Title = {{Binary statistics from Hipparcos data - a progress report}},
	Volume = 321,
	Year = 2000,
	Bdsk-Url-1 = {http://dx.doi.org/10.1002/1521-3994(200008)321:3%3C165::AID-ASNA165%3E3.0.CO;2-Z}}

@article{Evans2011,
	Adsnote = {Provided by the SAO/NASA Astrophysics Data System},
	Adsurl = {http://adsabs.harvard.edu/abs/2011ApJS..194...13E},
	Archiveprefix = {arXiv},
	Author = {{Evans}, N.~R. and {DeGioia-Eastwood}, K. and {Gagn{\'e}}, M. and {Townsley}, L. and {Broos}, P. and {Wolk}, S. and {Naz{\'e}}, Y. and {Corcoran}, M. and {Oskinova}, L. and {Moffat}, A.~F.~J. and {Wang}, J. and {Walborn}, N.~R.},
	Doi = {10.1088/0067-0049/194/1/13},
	Eid = {13},
	Eprint = {1103.1344},
	Journal = {\apjs},
	Keywords = {open clusters and associations: individual: Trumpler 16, stars: massive},
	Month = may,
	Pages = {13},
	Primaryclass = {astro-ph.SR},
	Title = {{The Search for Low-mass Companions of B Stars in the Carina Nebula Cluster Trumpler 16}},
	Volume = 194,
	Year = 2011,
	Bdsk-Url-1 = {http://dx.doi.org/10.1088/0067-0049/194/1/13}}

@article{Lada2006,
	Adsnote = {Provided by the SAO/NASA Astrophysics Data System},
	Adsurl = {http://adsabs.harvard.edu/abs/2006ApJ...640L..63L},
	Author = {{Lada}, C.~J.},
	Doi = {10.1086/503158},
	Eprint = {arXiv:astro-ph/0601375},
	Journal = {\apjl},
	Keywords = {Stars: Binaries: General, Stars: Formation},
	Month = mar,
	Pages = {L63-L66},
	Title = {{Stellar Multiplicity and the Initial Mass Function: Most Stars Are Single}},
	Volume = 640,
	Year = 2006,
	Bdsk-Url-1 = {http://dx.doi.org/10.1086/503158}}

@article{Sana2009,
	Adsnote = {Provided by the SAO/NASA Astrophysics Data System},
	Adsurl = {http://adsabs.harvard.edu/abs/2009MNRAS.400.1479S},
	Archiveprefix = {arXiv},
	Author = {{Sana}, H. and {Gosset}, E. and {Evans}, C.~J.},
	Doi = {10.1111/j.1365-2966.2009.15545.x},
	Eprint = {0909.0486},
	Journal = {\mnras},
	Keywords = {binaries: close , binaries: spectroscopic , stars: early-type , open clusters and associations: individual: NGC6611},
	Month = dec,
	Pages = {1479-1492},
	Primaryclass = {astro-ph.SR},
	Title = {{The massive star binary fraction in young open clusters - II. NGC6611 (Eagle Nebula)}},
	Volume = 400,
	Year = 2009,
	Bdsk-Url-1 = {http://dx.doi.org/10.1111/j.1365-2966.2009.15545.x}}

@article{Maiz2010,
	Adsnote = {Provided by the SAO/NASA Astrophysics Data System},
	Adsurl = {http://adsabs.harvard.edu/abs/2010A%26A...518A...1M},
	Archiveprefix = {arXiv},
	Author = {{Ma{\'{\i}}z Apell{\'a}niz}, J.},
	Doi = {10.1051/0004-6361/201014409},
	Eid = {A1},
	Eprint = {1004.5045},
	Journal = {\aap},
	Keywords = {techniques: high angular resolution, surveys, astrometry, binaries: visual, stars: early-type, stars: massive},
	Month = jul,
	Pages = {A1},
	Primaryclass = {astro-ph.SR},
	Title = {{High-resolution imaging of Galactic massive stars with AstraLux. I. 138 fields with {$\delta$} {\gt} - 25{\deg}}},
	Volume = 518,
	Year = 2010,
	Bdsk-Url-1 = {http://dx.doi.org/10.1051/0004-6361/201014409}}

@inproceedings{Evans2010,
	Adsnote = {Provided by the SAO/NASA Astrophysics Data System},
	Adsurl = {http://adsabs.harvard.edu/abs/2010IAUS..266...35E},
	Archiveprefix = {arXiv},
	Author = {{Evans}, C.~J. and {Bastian}, N. and {Beletsky}, Y. and {Brott}, I. and {Cantiello}, M. and {Clark}, J.~S. and {Crowther}, P.~A. and {de Koter}, A. and {de Mink}, S.~E. and {Dufton}, P.~L. and {Dunstall}, P. and {Gieles}, M. and {Gr{\"a}fener}, G. and {H{\'e}nault-Brunet}, V. and {Herrero}, A. and {Howarth}, I.~D. and {Langer}, N. and {Lennon}, D.~J. and {Ma{\'{\i}}z Apell{\'a}niz}, J. and {Markova}, N. and {Najarro}, F. and {Puls}, J. and {Sana}, H. and {Sim{\'o}n-D{\'{\i}}az}, S. and {Smartt}, S.~J. and {Stroud}, V.~E. and {Taylor}, W.~D. and {Trundle}, C. and {van Loon}, J.~T. and {Vink}, J.~S. and {Walborn}, N.~R.},
	Booktitle = {IAU Symposium},
	Doi = {10.1017/S1743921309990846},
	Editor = {{R.~de Grijs \& J.~R.~D.~L{\'e}pine}},
	Eprint = {0909.1652},
	Keywords = {stars: early-type, stars: fundamental parameters, binaries: spectroscopic, open clusters and associations: individual (30 Doradus)},
	Month = jan,
	Pages = {35-40},
	Primaryclass = {astro-ph.CO},
	Series = {IAU Symposium},
	Title = {{The VLT-FLAMES Tarantula Survey}},
	Volume = 266,
	Year = 2010,
	Bdsk-Url-1 = {http://dx.doi.org/10.1017/S1743921309990846}}

@article{Clarke2009,
	Adsnote = {Provided by the SAO/NASA Astrophysics Data System},
	Adsurl = {http://adsabs.harvard.edu/abs/2009MNRAS.396.1066C},
	Archiveprefix = {arXiv},
	Author = {{Clarke}, C.~J.},
	Doi = {10.1111/j.1365-2966.2009.14774.x},
	Eprint = {0904.3549},
	Journal = {\mnras},
	Keywords = {accretion, accretion discs , circumstellar matter},
	Month = jun,
	Pages = {1066-1074},
	Primaryclass = {astro-ph.SR},
	Title = {{Pseudo-viscous modelling of self-gravitating discs and the formation of low mass ratio binaries}},
	Volume = 396,
	Year = 2009,
	Bdsk-Url-1 = {http://dx.doi.org/10.1111/j.1365-2966.2009.14774.x}}

@article{Boss2011,
	Adsnote = {Provided by the SAO/NASA Astrophysics Data System},
	Adsurl = {http://adsabs.harvard.edu/abs/2011ApJ...731...74B},
	Archiveprefix = {arXiv},
	Author = {{Boss}, A.~P.},
	Doi = {10.1088/0004-637X/731/1/74},
	Eid = {74},
	Eprint = {1102.4555},
	Journal = {\apj},
	Keywords = {accretion, accretion disks, hydrodynamics, instabilities, planets and satellites: formation, protoplanetary disks},
	Month = apr,
	Pages = {74},
	Primaryclass = {astro-ph.EP},
	Title = {{Formation of Giant Planets by Disk Instability on Wide Orbits Around Protostars with Varied Masses}},
	Volume = 731,
	Year = 2011,
	Bdsk-Url-1 = {http://dx.doi.org/10.1088/0004-637X/731/1/74}}

@article{Boss2006,
	Adsnote = {Provided by the SAO/NASA Astrophysics Data System},
	Adsurl = {http://adsabs.harvard.edu/abs/2006ApJ...643..501B},
	Author = {{Boss}, A.~P.},
	Doi = {10.1086/501522},
	Eprint = {arXiv:astro-ph/0601486},
	Journal = {\apj},
	Keywords = {Stars: Planetary Systems, Stars: Low-Mass, Brown Dwarfs},
	Month = may,
	Pages = {501-508},
	Title = {{Rapid Formation of Gas Giant Planets around M Dwarf Stars}},
	Volume = 643,
	Year = 2006,
	Bdsk-Url-1 = {http://dx.doi.org/10.1086/501522}}

@article{Sally2009,
	Adsnote = {Provided by the SAO/NASA Astrophysics Data System},
	Adsurl = {http://adsabs.harvard.edu/abs/2009ApJ...707...79D},
	Archiveprefix = {arXiv},
	Author = {{Dodson-Robinson}, S.~E. and {Veras}, D. and {Ford}, E.~B. and {Beichman}, C.~A.},
	Doi = {10.1088/0004-637X/707/1/79},
	Eprint = {0909.2662},
	Journal = {\apj},
	Keywords = {accretion, accretion disks, instabilities, planetary systems, planetary systems: formation, stars: formation},
	Month = dec,
	Pages = {79-88},
	Primaryclass = {astro-ph.EP},
	Title = {{The Formation Mechanism of Gas Giants on Wide Orbits}},
	Volume = 707,
	Year = 2009,
	Bdsk-Url-1 = {http://dx.doi.org/10.1088/0004-637X/707/1/79}}

@article{Janson2011,
	Adsnote = {Provided by the SAO/NASA Astrophysics Data System},
	Adsurl = {http://adsabs.harvard.edu/abs/2011ApJ...736...89J},
	Archiveprefix = {arXiv},
	Author = {{Janson}, M. and {Bonavita}, M. and {Klahr}, H. and {Lafreni{\`e}re}, D. and {Jayawardhana}, R. and {Zinnecker}, H.},
	Doi = {10.1088/0004-637X/736/2/89},
	Eid = {89},
	Eprint = {1105.2577},
	Journal = {\apj},
	Keywords = {brown dwarfs, planetary systems, stars: massive},
	Month = aug,
	Pages = {89},
	Primaryclass = {astro-ph.EP},
	Title = {{High-contrast Imaging Search for Planets and Brown Dwarfs around the Most Massive Stars in the Solar Neighborhood}},
	Volume = 736,
	Year = 2011,
	Bdsk-Url-1 = {http://dx.doi.org/10.1088/0004-637X/736/2/89}}

@book{Klahr2006,
	Adsnote = {Provided by the SAO/NASA Astrophysics Data System},
	Adsurl = {http://adsabs.harvard.edu/abs/2006plfo.book.....K},
	Author = {{Klahr}, H. and {Brandner}, W.},
	Booktitle = {Planet Formation},
	Editor = {{Klahr, H.~\& Brandner, W.}},
	Month = may,
	Title = {{Planet Formation}},
	Year = 2006}

@article{Boss1979,
	Adsnote = {Provided by the SAO/NASA Astrophysics Data System},
	Adsurl = {http://adsabs.harvard.edu/abs/1979ApJ...234..289B},
	Author = {{Boss}, A.~P. and {Bodenheimer}, P.},
	Doi = {10.1086/157497},
	Journal = {\apj},
	Keywords = {COMPUTER PROGRAMS, GRAVITATIONAL COLLAPSE, HYDRODYNAMICS, MATHEMATICAL MODELS, PROTOSTARS, STELLAR EVOLUTION, BINARY STARS, FRAGMENTATION, PRESSURE EFFECTS, STELLAR GRAVITATION, STELLAR ROTATION},
	Month = nov,
	Pages = {289-295},
	Title = {{Fragmentation in a rotating protostar - A comparison of two three-dimensional computer codes}},
	Volume = 234,
	Year = 1979,
	Bdsk-Url-1 = {http://dx.doi.org/10.1086/157497}}

@article{Boss1986,
	Adsnote = {Provided by the SAO/NASA Astrophysics Data System},
	Adsurl = {http://adsabs.harvard.edu/abs/1986ApJS...62..519B},
	Author = {{Boss}, A.~P.},
	Doi = {10.1086/191150},
	Journal = {\apjs},
	Keywords = {BINARY STARS, GRAVITATIONAL COLLAPSE, MOLECULAR CLOUDS, NONISOTHERMAL PROCESSES, PROTOSTARS, STAR FORMATION, BOUNDARY VALUE PROBLEMS, HYDRODYNAMIC EQUATIONS, INTERSTELLAR MATTER, STELLAR ROTATION},
	Month = nov,
	Pages = {519-552},
	Title = {{Protostellar formation in rotating interstellar clouds. V - Nonisothermal collapse and fragmentation}},
	Volume = 62,
	Year = 1986,
	Bdsk-Url-1 = {http://dx.doi.org/10.1086/191150}}

@article{Bate1995,
	Adsnote = {Provided by the SAO/NASA Astrophysics Data System},
	Adsurl = {http://adsabs.harvard.edu/abs/1995MNRAS.277..362B},
	Author = {{Bate}, M.~R. and {Bonnell}, I.~A. and {Price}, N.~M.},
	Eprint = {arXiv:astro-ph/9510149},
	Journal = {\mnras},
	Keywords = {ACCRETION, ACCRETION DISCS, HYDRODYNAMICS, METHODS: NUMERICAL, BINARIES: CLOSE, STARS: FORMATION, ISM: CLOUDS},
	Month = nov,
	Pages = {362-376},
	Title = {{Modelling accretion in protobinary systems}},
	Volume = 277,
	Year = 1995}

@article{BBB2002,
	Adsnote = {Provided by the SAO/NASA Astrophysics Data System},
	Adsurl = {http://adsabs.harvard.edu/abs/2002MNRAS.336..705B},
	Author = {{Bate}, M.~R. and {Bonnell}, I.~A. and {Bromm}, V.},
	Doi = {10.1046/j.1365-8711.2002.05775.x},
	Eprint = {arXiv:astro-ph/0212403},
	Journal = {\mnras},
	Keywords = {accretion, accretion discs, hydrodynamics, binaries: close, binaries: spectroscopic, circumstellar matter, stars: formation},
	Month = nov,
	Pages = {705-713},
	Title = {{The formation of close binary systems by dynamical interactions and orbital decay}},
	Volume = 336,
	Year = 2002,
	Bdsk-Url-1 = {http://dx.doi.org/10.1046/j.1365-8711.2002.05775.x}}

@article{Bate2000,
	Adsnote = {Provided by the SAO/NASA Astrophysics Data System},
	Adsurl = {http://adsabs.harvard.edu/abs/2000MNRAS.314...33B},
	Author = {{Bate}, M.~R.},
	Doi = {10.1046/j.1365-8711.2000.03333.x},
	Eprint = {arXiv:astro-ph/0002143},
	Journal = {\mnras},
	Keywords = {ACCRETION, ACCRETION DISCS, BINARIES: GENERAL, CIRCUMSTELLAR MATTER, STARS: FORMATION, STARS: LOW-MASS, BROWN DWARFS, STARS: LUMINOSITY FUNCTION, MASS FUNCTION},
	Month = may,
	Pages = {33-53},
	Title = {{Predicting the properties of binary stellar systems: the evolution of accreting protobinary systems}},
	Volume = 314,
	Year = 2000,
	Bdsk-Url-1 = {http://dx.doi.org/10.1046/j.1365-8711.2000.03333.x}}

@article{Kroupa2003,
	Adsnote = {Provided by the SAO/NASA Astrophysics Data System},
	Adsurl = {http://adsabs.harvard.edu/abs/2003MNRAS.346..354K},
	Author = {{Kroupa}, P. and {Bouvier}, J. and {Duch{\^e}ne}, G. and {Moraux}, E.},
	Doi = {10.1046/j.1365-2966.2003.06994.x},
	Eprint = {arXiv:astro-ph/0307229},
	Journal = {\mnras},
	Keywords = {stellar dynamics, binaries: general, stars: formation, stars: low-mass, brown dwarfs, open clusters and associations: general, Galaxy: stellar content},
	Month = dec,
	Pages = {354-368},
	Title = {{On the universal outcome of star formation: is there a link between stars and brown dwarfs?}},
	Volume = 346,
	Year = 2003,
	Bdsk-Url-1 = {http://dx.doi.org/10.1046/j.1365-2966.2003.06994.x}}

@article{Boss1997,
	Adsnote = {Provided by the SAO/NASA Astrophysics Data System},
	Adsurl = {http://adsabs.harvard.edu/abs/1997Sci...276.1836B},
	Author = {{Boss}, A.~P.},
	Doi = {10.1126/science.276.5320.1836},
	Journal = {Science},
	Keywords = {Jovian Planets: Formation, Solar Nebula: Gravitational Instability, Protoplanetary Disks: Hydrodynamics},
	Pages = {1836-1839},
	Title = {{Giant planet formation by gravitational instability.}},
	Volume = 276,
	Year = 1997,
	Bdsk-Url-1 = {http://dx.doi.org/10.1126/science.276.5320.1836}}

@article{Gagne1997,
	Adsnote = {Provided by the SAO/NASA Astrophysics Data System},
	Adsurl = {http://adsabs.harvard.edu/abs/1997ApJ...478L..87G},
	Author = {{Gagne}, M. and {Caillault}, J.-P. and {Stauffer}, J.~R. and {Linsky}, J.~L.},
	Doi = {10.1086/310558},
	Eprint = {arXiv:astro-ph/9701145},
	Journal = {\apjl},
	Keywords = {STARS: INDIVIDUAL CONSTELLATION NAME: THETA 1 ORIONIS C, STARS: EARLY-TYPE, X-RAYS: STARS},
	Month = apr,
	Pages = {L87},
	Title = {{Periodic X-Ray Emission from the O7 V Star theta 1 Orionis C}},
	Volume = 478,
	Year = 1997,
	Bdsk-Url-1 = {http://dx.doi.org/10.1086/310558}}

@article{Porter2003,
	Adsnote = {Provided by the SAO/NASA Astrophysics Data System},
	Adsurl = {http://adsabs.harvard.edu/abs/2003PASP..115.1153P},
	Author = {{Porter}, J.~M. and {Rivinius}, T.},
	Doi = {10.1086/378307},
	Journal = {\pasp},
	Keywords = {Stars: Binaries: General, Stars: Circumstellar Matter, Reviews, Stars: Activity, Stars: Emission-Line, Be, Stars: Oscillations, Stars: Rotation, Stars: Winds, Outflows},
	Month = oct,
	Pages = {1153-1170},
	Title = {{Classical Be Stars}},
	Volume = 115,
	Year = 2003,
	Bdsk-Url-1 = {http://dx.doi.org/10.1086/378307}}

@article{Tetzlaff2010,
	Adsnote = {Provided by the SAO/NASA Astrophysics Data System},
	Adsurl = {http://adsabs.harvard.edu/abs/2010yCat..74100190T},
	Author = {{Tetzlaff}, N. and {Neuhaeuser}, R. and {Hohle}, M.~M.},
	Journal = {VizieR Online Data Catalog},
	Keywords = {Stars: early-type, Stars: pre-main sequence, Space velocities},
	Month = aug,
	Pages = {190},
	Title = {{Young runaway stars within 3kpc (Tetzlaff+, 2011)}},
	Volume = 741,
	Year = 2010}

@article{Westin1985,
	Adsnote = {Provided by the SAO/NASA Astrophysics Data System},
	Adsurl = {http://adsabs.harvard.edu/abs/1985A%26AS...60...99W},
	Author = {{Westin}, T.~N.~G.},
	Journal = {\aaps},
	Keywords = {EARLY STARS, GALACTIC STRUCTURE, INTERSTELLAR MATTER, STELLAR MOTIONS, STELLAR SPECTROPHOTOMETRY, ABUNDANCE, B STARS, CALIBRATING, CHRONOLOGY, O STARS, RADIAL VELOCITY, SPATIAL DISTRIBUTION, UBV SPECTRA},
	Month = apr,
	Pages = {99-134},
	Title = {{The local system of early type stars - Spatial extent and kinematics}},
	Volume = 60,
	Year = 1985}

@article{Seifahrt2011,
	Adsnote = {Provided by the SAO/NASA Astrophysics Data System},
	Adsurl = {http://adsabs.harvard.edu/abs/2010A%26A...524A..11S},
	Archiveprefix = {arXiv},
	Author = {{Seifahrt}, A. and {K{\"a}ufl}, H.~U. and {Z{\"a}ngl}, G. and {Bean}, J.~L. and {Richter}, M.~J. and {Siebenmorgen}, R.},
	Doi = {10.1051/0004-6361/200913782},
	Eid = {A11},
	Eprint = {1008.3419},
	Journal = {\aap},
	Keywords = {atmospheric effects, instrumentation: adaptive optics, instrumentation: spectrographs, methods: observational, methods: data analysis},
	Month = dec,
	Pages = {A11},
	Primaryclass = {astro-ph.IM},
	Title = {{Synthesising, using, and correcting for telluric features in high-resolution astronomical spectra . A near-infrared case study using CRIRES}},
	Volume = 524,
	Year = 2010,
	Bdsk-Url-1 = {http://dx.doi.org/10.1051/0004-6361/200913782}}

@article{Clough2005,
	Author = {S.A. Clough and M.W. Shephard and E.J. Mlawer and J.S. Delamere and M.J. Iacono and K. Cady-Pereira and S. Boukabara and P.D. Brown},
	Doi = {10.1016/j.jqsrt.2004.05.058},
	Issn = {0022-4073},
	Journal = {Journal of Quantitative Spectroscopy and Radiative Transfer},
	Keywords = {Kurucz solar source function},
	Number = {2},
	Pages = {233 - 244},
	Title = {Atmospheric radiative transfer modeling: a summary of the AER codes},
	Url = {http://www.sciencedirect.com/science/article/pii/S0022407304002158},
	Volume = {91},
	Year = {2005},
	Bdsk-Url-1 = {http://www.sciencedirect.com/science/article/pii/S0022407304002158},
	Bdsk-Url-2 = {http://dx.doi.org/10.1016/j.jqsrt.2004.05.058}}

@article{Kerber2010,
	Adsnote = {Provided by the SAO/NASA Astrophysics Data System},
	Adsurl = {http://adsabs.harvard.edu/abs/2010Msngr.141....9K},
	Author = {{Kerber}, F. and {Querel}, R. and {Hanuschik}, R. and {Chac{\'o}n}, A. and {Sarazin}, M. and {Project Team}},
	Journal = {The Messenger},
	Month = sep,
	Pages = {9-13},
	Title = {{Balloons over the La Silla Paranal Observatory}},
	Volume = 141,
	Year = 2010}

@inproceedings{Chac2010,
	Adsnote = {Provided by the SAO/NASA Astrophysics Data System},
	Adsurl = {http://adsabs.harvard.edu/abs/2010SPIE.7733E.143C},
	Author = {{Chac{\'o}n}, A. and {Cuevas}, O. and {Pozo}, D. and {Mar{\'{\i}}n}, J. and {Oyanadel}, A. and {Dougnac}, C. and {Cortes}, L. and {Illanes}, L. and {Caneo}, M. and {Cur{\'e}}, M. and {Sarazin}, M. and {Kerber}, F. and {Smette}, A. and {Rabanus}, D. and {Querel}, R. and {Tompkins}, G.},
	Booktitle = {Society of Photo-Optical Instrumentation Engineers (SPIE) Conference Series},
	Doi = {10.1117/12.857542},
	Month = jul,
	Series = {Society of Photo-Optical Instrumentation Engineers (SPIE) Conference Series},
	Title = {{Measuring and forecasting of PWV above La Silla, APEX and Paranal Observatories}},
	Volume = 7733,
	Year = 2010,
	Bdsk-Url-1 = {http://dx.doi.org/10.1117/12.857542}}

@article{Landin2008,
	Adsnote = {Provided by the SAO/NASA Astrophysics Data System},
	Adsurl = {http://adsabs.harvard.edu/abs/2008yCat..34940209L},
	Author = {{Landin}, N.~R. and {Mendes}, L.~T.~S. and {Vaz}, L.~P.~R.},
	Journal = {VizieR Online Data Catalog},
	Keywords = {Models: evolutionary, Stars: pre-main sequence},
	Month = nov,
	Pages = {40209},
	Title = {{Pre-main sequence evolutionary tracks (Landin+, 2009)}},
	Volume = 349,
	Year = 2008}

@book{CarrollOstlie2006,
	Adsnote = {Provided by the SAO/NASA Astrophysics Data System},
	Adsurl = {http://adsabs.harvard.edu/abs/2006ima..book.....C},
	Author = {{Carroll}, B.~W. and {Ostlie}, D.~A.},
	Booktitle = {Institute for Mathematics and Its Applications},
	Editor = {{Carroll, B.~W.~\& Ostlie, D.~A.}},
	Keywords = {Astrophysics, Textbooks},
	Month = jul,
	Title = {{An introduction to modern astrophysics and cosmology}},
	Year = 2006}

@article{Hauschildt1999,
	Adsnote = {Provided by the SAO/NASA Astrophysics Data System},
	Adsurl = {http://ads.ari.uni-heidelberg.de/abs/1999ApJ...512..377H},
	Author = {{Hauschildt}, P.~H. and {Allard}, F. and {Baron}, E.},
	Doi = {10.1086/306745},
	Eprint = {arXiv:astro-ph/9807286},
	Journal = {\apj},
	Keywords = {RADIATIVE TRANSFER, STARS: ATMOSPHERES, STARS: LATE-TYPE},
	Month = feb,
	Pages = {377-385},
	Title = {{The NextGen Model Atmosphere Grid for 3000{\lt}=T\_eff{\lt}=10,000 K}},
	Volume = 512,
	Year = 1999,
	Bdsk-Url-1 = {http://dx.doi.org/10.1086/306745}}

@book{CarrollOstlie,
	Adsnote = {Provided by the SAO/NASA Astrophysics Data System},
	Adsurl = {http://adsabs.harvard.edu/abs/2006ima..book.....C},
	Author = {{Carroll}, B.~W. and {Ostlie}, D.~A.},
	Booktitle = {Institute for Mathematics and Its Applications},
	Keywords = {Astrophysics, Textbooks},
	Month = jul,
	Title = {{An introduction to modern astrophysics and cosmology}},
	Year = 2006}

@article{exoplanet,
	Adsnote = {Provided by the SAO/NASA Astrophysics Data System},
	Adsurl = {http://adsabs.harvard.edu/abs/2011PASP..123..412W},
	Archiveprefix = {arXiv},
	Author = {{Wright}, J.~T. and {Fakhouri}, O. and {Marcy}, G.~W. and {Han}, E. and {Feng}, Y. and {Johnson}, J.~A. and {Howard}, A.~W. and {Fischer}, D.~A. and {Valenti}, J.~A. and {Anderson}, J. and {Piskunov}, N.},
	Doi = {10.1086/659427},
	Eprint = {1012.5676},
	Journal = {\pasp},
	Keywords = {Extrasolar Planets},
	Month = apr,
	Pages = {412-422},
	Primaryclass = {astro-ph.SR},
	Title = {{The Exoplanet Orbit Database}},
	Volume = 123,
	Year = 2011,
	Bdsk-Url-1 = {http://dx.doi.org/10.1086/659427}}

@article{Coughlin2012,
	Adsnote = {Provided by the SAO/NASA Astrophysics Data System},
	Adsurl = {http://adsabs.harvard.edu/abs/2012ApJ...750..100C},
	Archiveprefix = {arXiv},
	Author = {{Coughlin}, J.~L. and {L{\'o}pez-Morales}, M.},
	Doi = {10.1088/0004-637X/750/2/100},
	Eid = {100},
	Eprint = {1203.0341},
	Journal = {\apj},
	Keywords = {astrometry, planetary systems},
	Month = may,
	Pages = {100},
	Primaryclass = {astro-ph.SR},
	Title = {{Modeling Multi-wavelength Stellar Astrometry. III. Determination of the Absolute Masses of Exoplanets and Their Host Stars}},
	Volume = 750,
	Year = 2012,
	Bdsk-Url-1 = {http://dx.doi.org/10.1088/0004-637X/750/2/100}}

@article{Benedict2006,
	Adsnote = {Provided by the SAO/NASA Astrophysics Data System},
	Adsurl = {http://adsabs.harvard.edu/abs/2006AJ....132.2206B},
	Author = {{Benedict}, G.~F. and {McArthur}, B.~E. and {Gatewood}, G. and {Nelan}, E. and {Cochran}, W.~D. and {Hatzes}, A. and {Endl}, M. and {Wittenmyer}, R. and {Baliunas}, S.~L. and {Walker}, G.~A.~H. and {Yang}, S. and {K{\"u}rster}, M. and {Els}, S. and {Paulson}, D.~B.},
	Doi = {10.1086/508323},
	Eprint = {arXiv:astro-ph/0610247},
	Journal = {\aj},
	Keywords = {Astrometry, Stars: Distances, stars: individual ({$\epsilon$} Eridani b), Stars: Late-Type, Techniques: Interferometric, Techniques: Radial Velocities},
	Month = nov,
	Pages = {2206-2218},
	Title = {{The Extrasolar Planet {$\epsilon$} Eridani b: Orbit and Mass}},
	Volume = 132,
	Year = 2006,
	Bdsk-Url-1 = {http://dx.doi.org/10.1086/508323}}

@article{Rodler2008,
	Adsnote = {Provided by the SAO/NASA Astrophysics Data System},
	Adsurl = {http://adsabs.harvard.edu/abs/2008A%26A...485..859R},
	Archiveprefix = {arXiv},
	Author = {{Rodler}, F. and {K{\"u}rster}, M. and {Henning}, T.},
	Doi = {10.1051/0004-6361:20079175},
	Eprint = {0804.4609},
	Journal = {\aap},
	Keywords = {methods: data analysis, techniques: radial velocities, stars:, individual: HD 75289A, stars: planetary systems},
	Month = jul,
	Pages = {859-864},
	Title = {{HD 75289Ab revisited. Searching for starlight reflected from a hot Jupiter}},
	Volume = 485,
	Year = 2008,
	Bdsk-Url-1 = {http://dx.doi.org/10.1051/0004-6361:20079175}}

@article{Rodler2010,
	Adsnote = {Provided by the SAO/NASA Astrophysics Data System},
	Adsurl = {http://adsabs.harvard.edu/abs/2010A%26A...514A..23R},
	Archiveprefix = {arXiv},
	Author = {{Rodler}, F. and {K{\"u}rster}, M. and {Henning}, T.},
	Doi = {10.1051/0004-6361/200913627},
	Eid = {A23},
	Eprint = {1002.1638},
	Journal = {\aap},
	Keywords = {methods: data analysis, techniques: radial velocities, stars:, individual: {$\tau$} Boo, planetary systems},
	Month = may,
	Pages = {A23},
	Primaryclass = {astro-ph.SR},
	Title = {{{$\tau$} Bo{\"o}tis b: Hunting for reflected starlight}},
	Volume = 514,
	Year = 2010,
	Bdsk-Url-1 = {http://dx.doi.org/10.1051/0004-6361/200913627}}

@article{Langford2011,
	Adsnote = {Provided by the SAO/NASA Astrophysics Data System},
	Adsurl = {http://adsabs.harvard.edu/abs/2011MNRAS.415..673L},
	Archiveprefix = {arXiv},
	Author = {{Langford}, S.~V. and {Wyithe}, J.~S.~B. and {Turner}, E.~L. and {Jenkins}, E.~B. and {Narita}, N. and {Liu}, X. and {Suto}, Y. and {Yamada}, T.},
	Doi = {10.1111/j.1365-2966.2011.18739.x},
	Eprint = {1006.5492},
	Journal = {\mnras},
	Keywords = {techniques: radial velocities, planetary systems},
	Month = jul,
	Pages = {673-686},
	Primaryclass = {astro-ph.EP},
	Title = {{A comparison of spectroscopic methods for detecting the starlight scattered by transiting hot Jupiters, with an application to Subaru data for HD 209458b and HD 189733b}},
	Volume = 415,
	Year = 2011,
	Bdsk-Url-1 = {http://dx.doi.org/10.1111/j.1365-2966.2011.18739.x}}

@article{Collier2002,
	Adsnote = {Provided by the SAO/NASA Astrophysics Data System},
	Adsurl = {http://adsabs.harvard.edu/abs/2002MNRAS.330..187C},
	Author = {{Collier Cameron}, A. and {Horne}, K. and {Penny}, A. and {Leigh}, C.},
	Doi = {10.1046/j.1365-8711.2002.05084.x},
	Eprint = {arXiv:astro-ph/0110577},
	Journal = {\mnras},
	Keywords = {METHODS: DATA ANALYSIS , TECHNIQUES: SPECTROSCOPIC, STARS: INDIVIDUAL: {\amp}UPSILON; AND, PLANETARY SYSTEMS},
	Month = feb,
	Pages = {187-204},
	Title = {{A search for starlight reflected from {\upsi} And's innermost planet}},
	Volume = 330,
	Year = 2002,
	Bdsk-Url-1 = {http://dx.doi.org/10.1046/j.1365-8711.2002.05084.x}}

@inproceedings{Cubillos2010,
	Adsnote = {Provided by the SAO/NASA Astrophysics Data System},
	Adsurl = {http://adsabs.harvard.edu/abs/2010DPS....42.5208C},
	Author = {{Cubillos}, P. and {Harrington}, J. and {Stevenson}, K. and {Madhusudhan}, N.},
	Booktitle = {AAS/Division for Planetary Sciences Meeting Abstracts \#42},
	Month = oct,
	Pages = {1071},
	Series = {Bulletin of the American Astronomical Society},
	Title = {{A Spitzer IRS Secondary Eclipse of HD 209458b}},
	Volume = 42,
	Year = 2010}

@article{Swain2008,
	Adsnote = {Provided by the SAO/NASA Astrophysics Data System},
	Adsurl = {http://adsabs.harvard.edu/abs/2008ApJ...674..482S},
	Author = {{Swain}, M.~R. and {Bouwman}, J. and {Akeson}, R.~L. and {Lawler}, S. and {Beichman}, C.~A.},
	Doi = {10.1086/523832},
	Eprint = {arXiv:astro-ph/0702593},
	Journal = {\apj},
	Keywords = {Methods: Data Analysis, Stars: Planetary Systems, Stars: Individual: Henry Draper Number: HD 209458, Techniques: Spectroscopic},
	Month = feb,
	Pages = {482-497},
	Title = {{The Mid-Infrared Spectrum of the Transiting Exoplanet HD 209458b}},
	Volume = 674,
	Year = 2008,
	Bdsk-Url-1 = {http://dx.doi.org/10.1086/523832}}

@article{Knutson2007,
	Adsnote = {Provided by the SAO/NASA Astrophysics Data System},
	Adsurl = {http://adsabs.harvard.edu/abs/2007ApJ...655..564K},
	Author = {{Knutson}, H.~A. and {Charbonneau}, D. and {Noyes}, R.~W. and {Brown}, T.~M. and {Gilliland}, R.~L.},
	Doi = {10.1086/510111},
	Eprint = {arXiv:astro-ph/0603542},
	Journal = {\apj},
	Keywords = {Stars: Binaries: Eclipsing, Stars: Planetary Systems, Stars: Individual: Henry Draper Number: HD 209458, Techniques: Photometric},
	Month = jan,
	Pages = {564-575},
	Title = {{Using Stellar Limb-Darkening to Refine the Properties of HD 209458b}},
	Volume = 655,
	Year = 2007,
	Bdsk-Url-1 = {http://dx.doi.org/10.1086/510111}}

@article{Agol2010,
	Adsnote = {Provided by the SAO/NASA Astrophysics Data System},
	Adsurl = {http://adsabs.harvard.edu/abs/2010ApJ...721.1861A},
	Archiveprefix = {arXiv},
	Author = {{Agol}, E. and {Cowan}, N.~B. and {Knutson}, H.~A. and {Deming}, D. and {Steffen}, J.~H. and {Henry}, G.~W. and {Charbonneau}, D.},
	Doi = {10.1088/0004-637X/721/2/1861},
	Eprint = {1007.4378},
	Journal = {\apj},
	Keywords = {planetary systems},
	Month = oct,
	Pages = {1861-1877},
	Primaryclass = {astro-ph.EP},
	Title = {{The Climate of HD 189733b from Fourteen Transits and Eclipses Measured by Spitzer}},
	Volume = 721,
	Year = 2010,
	Bdsk-Url-1 = {http://dx.doi.org/10.1088/0004-637X/721/2/1861}}

@article{Char2008,
	Adsnote = {Provided by the SAO/NASA Astrophysics Data System},
	Adsurl = {http://adsabs.harvard.edu/abs/2008ApJ...686.1341C},
	Archiveprefix = {arXiv},
	Author = {{Charbonneau}, D. and {Knutson}, H.~A. and {Barman}, T. and {Allen}, L.~E. and {Mayor}, M. and {Megeath}, S.~T. and {Queloz}, D. and {Udry}, S.},
	Doi = {10.1086/591635},
	Eprint = {0802.0845},
	Journal = {\apj},
	Keywords = {Stars: Binaries: Eclipsing, Infrared: Stars, Stars: Planetary Systems, stars: individual (HD 189733), Techniques: Photometric},
	Month = oct,
	Pages = {1341-1348},
	Title = {{The Broadband Infrared Emission Spectrum of the Exoplanet HD 189733b}},
	Volume = 686,
	Year = 2008,
	Bdsk-Url-1 = {http://dx.doi.org/10.1086/591635}}

@article{Knutson2007_2,
	Adsnote = {Provided by the SAO/NASA Astrophysics Data System},
	Adsurl = {http://adsabs.harvard.edu/abs/2007Natur.447..183K},
	Archiveprefix = {arXiv},
	Author = {{Knutson}, H.~A. and {Charbonneau}, D. and {Allen}, L.~E. and {Fortney}, J.~J. and {Agol}, E. and {Cowan}, N.~B. and {Showman}, A.~P. and {Cooper}, C.~S. and {Megeath}, S.~T.},
	Doi = {10.1038/nature05782},
	Eprint = {0705.0993},
	Journal = {\nat},
	Month = may,
	Pages = {183-186},
	Title = {{A map of the day-night contrast of the extrasolar planet HD 189733b}},
	Volume = 447,
	Year = 2007,
	Bdsk-Url-1 = {http://dx.doi.org/10.1038/nature05782}}

@article{Knutson2008,
	Adsnote = {Provided by the SAO/NASA Astrophysics Data System},
	Adsurl = {http://adsabs.harvard.edu/abs/2008ApJ...673..526K},
	Archiveprefix = {arXiv},
	Author = {{Knutson}, H.~A. and {Charbonneau}, D. and {Allen}, L.~E. and {Burrows}, A. and {Megeath}, S.~T.},
	Doi = {10.1086/523894},
	Eprint = {0709.3984},
	Journal = {\apj},
	Keywords = {Eclipses, Stars: Planetary Systems, stars: individual (HD 209458b), Techniques: Photometric},
	Month = jan,
	Pages = {526-531},
	Title = {{The 3.6-8.0 {$\mu$}m Broadband Emission Spectrum of HD 209458b: Evidence for an Atmospheric Temperature Inversion}},
	Volume = 673,
	Year = 2008,
	Bdsk-Url-1 = {http://dx.doi.org/10.1086/523894}}

@article{Grillmair2007,
	Adsnote = {Provided by the SAO/NASA Astrophysics Data System},
	Adsurl = {http://adsabs.harvard.edu/abs/2007ApJ...658L.115G},
	Author = {{Grillmair}, C.~J. and {Charbonneau}, D. and {Burrows}, A. and {Armus}, L. and {Stauffer}, J. and {Meadows}, V. and {Van Cleve}, J. and {Levine}, D.},
	Doi = {10.1086/513741},
	Eprint = {arXiv:astro-ph/0702494},
	Journal = {\apjl},
	Keywords = {Stars: Binaries: Eclipsing, Stars: Planetary Systems, stars: individual (HD 189733)},
	Month = apr,
	Pages = {L115-L118},
	Title = {{A Spitzer Spectrum of the Exoplanet HD 189733b}},
	Volume = 658,
	Year = 2007,
	Bdsk-Url-1 = {http://dx.doi.org/10.1086/513741}}

@article{Zhao2012,
	Adsnote = {Provided by the SAO/NASA Astrophysics Data System},
	Adsurl = {http://adsabs.harvard.edu/abs/2012ApJ...748L...8Z},
	Archiveprefix = {arXiv},
	Author = {{Zhao}, M. and {Milburn}, J. and {Barman}, T. and {Hinkley}, S. and {Swain}, M.~R. and {Wright}, J. and {Monnier}, J.~D.},
	Doi = {10.1088/2041-8205/748/1/L8},
	Eid = {L8},
	Eprint = {1202.3435},
	Journal = {\apjl},
	Keywords = {infrared: planetary systems, planetary systems, stars: individual: WASP-3},
	Month = mar,
	Pages = {L8},
	Primaryclass = {astro-ph.EP},
	Title = {{Detection of K$_{S}$ -band Thermal Emission from WASP-3b}},
	Volume = 748,
	Year = 2012,
	Bdsk-Url-1 = {http://dx.doi.org/10.1088/2041-8205/748/1/L8}}

@article{Demory2012,
	Adsnote = {Provided by the SAO/NASA Astrophysics Data System},
	Adsurl = {http://adsabs.harvard.edu/abs/2012ApJ...751L..28D},
	Archiveprefix = {arXiv},
	Author = {{Demory}, B.-O. and {Gillon}, M. and {Seager}, S. and {Benneke}, B. and {Deming}, D. and {Jackson}, B.},
	Doi = {10.1088/2041-8205/751/2/L28},
	Eid = {L28},
	Eprint = {1205.1766},
	Journal = {\apjl},
	Keywords = {planetary systems, stars: individual: 55 Cnc HD 75732, techniques: photometric},
	Month = jun,
	Pages = {L28},
	Primaryclass = {astro-ph.EP},
	Title = {{Detection of Thermal Emission from a Super-Earth}},
	Volume = 751,
	Year = 2012,
	Bdsk-Url-1 = {http://dx.doi.org/10.1088/2041-8205/751/2/L28}}

@article{Rothman2009,
	Author = {L.S. Rothman and I.E. Gordon and A. Barbe and D.Chris Benner and P.F. Bernath and M. Birk and V. Boudon and L.R. Brown and A. Campargue and J.-P. Champion and K. Chance and L.H. Coudert and V. Dana and V.M. Devi and S. Fally and J.-M. Flaud and R.R. Gamache and A. Goldman and D. Jacquemart and I. Kleiner and N. Lacome and W.J. Lafferty and J.-Y. Mandin and S.T. Massie and S.N. Mikhailenko and C.E. Miller and N. Moazzen-Ahmadi and O.V. Naumenko and A.V. Nikitin and J. Orphal and V.I. Perevalov and A. Perrin and A. Predoi-Cross and C.P. Rinsland and M. Rotger and M. ≈†imeƒ{\c c}kov√$\,^{\circ}$ and M.A.H. Smith and K. Sung and S.A. Tashkun and J. Tennyson and R.A. Toth and A.C. Vandaele and J. Vander Auwera},
	Doi = {10.1016/j.jqsrt.2009.02.013},
	Issn = {0022-4073},
	Journal = {Journal of Quantitative Spectroscopy and Radiative Transfer},
	Keywords = {Aerosols},
	Note = {<ce:title>HITRAN</ce:title>},
	Number = {9‚{\"A}{\`\i}10},
	Pages = {533 - 572},
	Title = {The HITRAN 2008 molecular spectroscopic database},
	Url = {http://www.sciencedirect.com/science/article/pii/S0022407309000727},
	Volume = {110},
	Year = {2009},
	Bdsk-Url-1 = {http://www.sciencedirect.com/science/article/pii/S0022407309000727},
	Bdsk-Url-2 = {http://dx.doi.org/10.1016/j.jqsrt.2009.02.013}}


@article{Mandell2011,
	Adsnote = {Provided by the SAO/NASA Astrophysics Data System},
	Adsurl = {http://adsabs.harvard.edu/abs/2011ApJ...728...18M},
	Archiveprefix = {arXiv},
	Author = {{Mandell}, A.~M. and {Drake Deming}, L. and {Blake}, G.~A. and {Knutson}, H.~A. and {Mumma}, M.~J. and {Villanueva}, G.~L. and {Salyk}, C.},
	Doi = {10.1088/0004-637X/728/1/18},
	Eid = {18},
	Eprint = {1011.5507},
	Journal = {\apj},
	Keywords = {astrobiology, infrared: planetary systems, planets and satellites: individual: HD189733b, radiative transfer, techniques: spectroscopic},
	Month = feb,
	Pages = {18},
	Primaryclass = {astro-ph.EP},
	Title = {{Non-detection of L-band Line Emission from the Exoplanet HD189733b}},
	Volume = 728,
	Year = 2011,
	Bdsk-Url-1 = {http://dx.doi.org/10.1088/0004-637X/728/1/18}}

@article{Harrington2006,
	Adsnote = {Provided by the SAO/NASA Astrophysics Data System},
	Adsurl = {http://adsabs.harvard.edu/abs/2006Sci...314..623H},
	Author = {{Harrington}, J. and {Hansen}, B.~M. and {Luszcz}, S.~H. and {Seager}, S. and {Deming}, D. and {Menou}, K. and {Cho}, J.~Y.-K. and {Richardson}, L.~J.},
	Doi = {10.1126/science.1133904},
	Eprint = {arXiv:astro-ph/0610491},
	Journal = {Science},
	Month = oct,
	Pages = {623-626},
	Title = {{The Phase-Dependent Infrared Brightness of the Extrasolar Planet {\upsi} Andromedae b}},
	Volume = 314,
	Year = 2006,
	Bdsk-Url-1 = {http://dx.doi.org/10.1126/science.1133904}}

@article{Madhusudhan2012,
	Adsnote = {Provided by the SAO/NASA Astrophysics Data System},
	Adsurl = {http://adsabs.harvard.edu/abs/2012ApJ...747...25M},
	Archiveprefix = {arXiv},
	Author = {{Madhusudhan}, N. and {Burrows}, A.},
	Doi = {10.1088/0004-637X/747/1/25},
	Eid = {25},
	Eprint = {1112.4476},
	Journal = {\apj},
	Keywords = {planetary systems, planets and satellites: general},
	Month = mar,
	Pages = {25},
	Primaryclass = {astro-ph.EP},
	Title = {{Analytic Models for Albedos, Phase Curves, and Polarization of Reflected Light from Exoplanets}},
	Volume = 747,
	Year = 2012,
	Bdsk-Url-1 = {http://dx.doi.org/10.1088/0004-637X/747/1/25}}

@article{Rodler2012,
	Adsnote = {Provided by the SAO/NASA Astrophysics Data System},
	Adsurl = {http://adsabs.harvard.edu/abs/2012ApJ...753L..25R},
	Archiveprefix = {arXiv},
	Author = {{Rodler}, F. and {Lopez-Morales}, M. and {Ribas}, I.},
	Doi = {10.1088/2041-8205/753/1/L25},
	Eid = {L25},
	Eprint = {1206.6197},
	Journal = {\apjl},
	Keywords = {planets and satellites: atmospheres, planets and satellites: individual: {$\tau$} Boo b, techniques: radial velocities, techniques: spectroscopic},
	Month = jul,
	Pages = {L25},
	Primaryclass = {astro-ph.EP},
	Title = {{Weighing the Non-transiting Hot Jupiter {$\tau$} Boo b}},
	Volume = 753,
	Year = 2012,
	Bdsk-Url-1 = {http://dx.doi.org/10.1088/2041-8205/753/1/L25}}

@article{Brogi2012,
	Adsnote = {Provided by the SAO/NASA Astrophysics Data System},
	Adsurl = {http://adsabs.harvard.edu/abs/2012Natur.486..502B},
	Archiveprefix = {arXiv},
	Author = {{Brogi}, M. and {Snellen}, I.~A.~G. and {de Kok}, R.~J. and {Albrecht}, S. and {Birkby}, J. and {de Mooij}, E.~J.~W.},
	Doi = {10.1038/nature11161},
	Eprint = {1206.6109},
	Journal = {\nat},
	Month = jun,
	Pages = {502-504},
	Primaryclass = {astro-ph.EP},
	Title = {{The signature of orbital motion from the dayside of the planet {$\tau$} Bo{\"o}tis b}},
	Volume = 486,
	Year = 2012,
	Bdsk-Url-1 = {http://dx.doi.org/10.1038/nature11161}}

@article{Mayor1995,
	Adsnote = {Provided by the SAO/NASA Astrophysics Data System},
	Adsurl = {http://adsabs.harvard.edu/abs/1995Natur.378..355M},
	Author = {{Mayor}, M. and {Queloz}, D.},
	Doi = {10.1038/378355a0},
	Journal = {\nat},
	Month = nov,
	Pages = {355-359},
	Title = {{A Jupiter-mass companion to a solar-type star}},
	Volume = 378,
	Year = 1995,
	Bdsk-Url-1 = {http://dx.doi.org/10.1038/378355a0}}

@article{Lopez2012,
   author = {{Lopez}, S. and {Jenkins}, J.~S.},
    title = "{The Effects of Viewing Angle on the Mass Distribution of Exoplanets}",
  journal = {\apj},
archivePrefix = "arXiv",
   eprint = {1207.4477},
 primaryClass = "astro-ph.EP",
 keywords = {planetary systems, techniques: radial velocities},
     year = 2012,
    month = sep,
   volume = 756,
      eid = {177},
    pages = {177},
      doi = {10.1088/0004-637X/756/2/177},
   adsurl = {http://adsabs.harvard.edu/abs/2012ApJ...756..177L},
  adsnote = {Provided by the SAO/NASA Astrophysics Data System}
}


@article{Ida2005,
	Adsnote = {Provided by the SAO/NASA Astrophysics Data System},
	Adsurl = {http://adsabs.harvard.edu/abs/2005ApJ...626.1045I},
	Author = {{Ida}, S. and {Lin}, D.~N.~C.},
	Doi = {10.1086/429953},
	Eprint = {arXiv:astro-ph/0502566},
	Journal = {\apj},
	Keywords = {Stars: Planetary Systems: Formation, Solar System: Formation, Stars: Statistics},
	Month = jun,
	Pages = {1045-1060},
	Title = {{Toward a Deterministic Model of Planetary Formation. III. Mass Distribution of Short-Period Planets around Stars of Various Masses}},
	Volume = 626,
	Year = 2005,
	Bdsk-Url-1 = {http://dx.doi.org/10.1086/429953}}

@article{Mordasini2009,
	Adsnote = {Provided by the SAO/NASA Astrophysics Data System},
	Adsurl = {http://adsabs.harvard.edu/abs/2009A%26A...501.1161M},
	Archiveprefix = {arXiv},
	Author = {{Mordasini}, C. and {Alibert}, Y. and {Benz}, W. and {Naef}, D.},
	Doi = {10.1051/0004-6361/200810697},
	Eprint = {0904.2542},
	Journal = {\aap},
	Keywords = {planetary systems, planetary systems: formation, planetary systems: protoplanetary disks, planets and satellites: formation, solar system: formation},
	Month = jul,
	Pages = {1161-1184},
	Primaryclass = {astro-ph.EP},
	Title = {{Extrasolar planet population synthesis. II. Statistical comparison with observations}},
	Volume = 501,
	Year = 2009,
	Bdsk-Url-1 = {http://dx.doi.org/10.1051/0004-6361/200810697}}

@inbook{Fabrycky2010,
	Adsnote = {Provided by the SAO/NASA Astrophysics Data System},
	Adsurl = {http://adsabs.harvard.edu/abs/2010exop.book..217F},
	Author = {{Fabrycky}, D.~C.},
	Booktitle = {Exoplanets},
	Editor = {{Seager}, S.},
	Pages = {217-238},
	Title = {{Non-Keplerian Dynamics of Exoplanets}},
	Year = 2010}

@article{Moses2011,
	Adsnote = {Provided by the SAO/NASA Astrophysics Data System},
	Adsurl = {http://adsabs.harvard.edu/abs/2011ApJ...737...15M},
	Archiveprefix = {arXiv},
	Author = {{Moses}, J.~I. and {Visscher}, C. and {Fortney}, J.~J. and {Showman}, A.~P. and {Lewis}, N.~K. and {Griffith}, C.~A. and {Klippenstein}, S.~J. and {Shabram}, M. and {Friedson}, A.~J. and {Marley}, M.~S. and {Freedman}, R.~S.},
	Doi = {10.1088/0004-637X/737/1/15},
	Eid = {15},
	Eprint = {1102.0063},
	Journal = {\apj},
	Keywords = {planetary systems, planets and satellites: atmospheres, planets and satellites: composition, planets and satellites: individual: HD 189733b HD 209458b, stars: individual: HD 189733 HD 209458},
	Month = aug,
	Pages = {15},
	Primaryclass = {astro-ph.EP},
	Title = {{Disequilibrium Carbon, Oxygen, and Nitrogen Chemistry in the Atmospheres of HD 189733b and HD 209458b}},
	Volume = 737,
	Year = 2011,
	Bdsk-Url-1 = {http://dx.doi.org/10.1088/0004-637X/737/1/15}}

@article{Torres2008,
	Adsnote = {Provided by the SAO/NASA Astrophysics Data System},
	Adsurl = {http://adsabs.harvard.edu/abs/2008ApJ...677.1324T},
	Archiveprefix = {arXiv},
	Author = {{Torres}, G. and {Winn}, J.~N. and {Holman}, M.~J.},
	Doi = {10.1086/529429},
	Eprint = {0801.1841},
	Journal = {\apj},
	Keywords = {Methods: Data Analysis, Stars: Planetary Systems, Stars: Abundances, Stars: Fundamental Parameters, Techniques: Spectroscopic},
	Month = apr,
	Pages = {1324-1342},
	Title = {{Improved Parameters for Extrasolar Transiting Planets}},
	Volume = 677,
	Year = 2008,
	Bdsk-Url-1 = {http://dx.doi.org/10.1086/529429}}

@inproceedings{Tohline2001,
	Adsnote = {Provided by the SAO/NASA Astrophysics Data System},
	Adsurl = {http://adsabs.harvard.edu/abs/2001IAUS..200...40T},
	Author = {{Tohline}, J.~E. and {Durisen}, R.~H.},
	Booktitle = {The Formation of Binary Stars},
	Editor = {{Zinnecker}, H. and {Mathieu}, R.},
	Pages = {40},
	Series = {IAU Symposium},
	Title = {{An Update on Binary Formation by Rotational Fission}},
	Volume = 200,
	Year = 2001}

@article{Tohline2002,
	Adsnote = {Provided by the SAO/NASA Astrophysics Data System},
	Adsurl = {http://adsabs.harvard.edu/abs/2002ARA%26A..40..349T},
	Author = {{Tohline}, J.~E.},
	Doi = {10.1146/annurev.astro.40.060401.093810},
	Journal = {\araa},
	Keywords = {star formation, binaries},
	Pages = {349-385},
	Title = {{The Origin of Binary Stars}},
	Volume = 40,
	Year = 2002,
	Bdsk-Url-1 = {http://dx.doi.org/10.1146/annurev.astro.40.060401.093810}}

@book{Lyttleton1953,
	Author = {Lyttleton, Raymond Arthur.},
	Catalogue-Url = {http://nla.gov.au/nla.cat-vn837277},
	Language = {English},
	Life-Dates = {1953 -},
	Publisher = {Univ. Press, Camb. :},
	Subjects = {Astrophysics.},
	Title = {The stability of rotating liquid masses : [bibliog.]},
	Type = {Book},
	Year = {1953}}

@article{Lebovitz1984,
	Adsnote = {Provided by the SAO/NASA Astrophysics Data System},
	Adsurl = {http://adsabs.harvard.edu/abs/1984ApJ...284..364L},
	Author = {{Lebovitz}, N.~R.},
	Doi = {10.1086/162415},
	Journal = {\apj},
	Keywords = {BINARY STARS, COMPUTATIONAL ASTROPHYSICS, FISSION, POLYNOMIALS, STELLAR EVOLUTION, BRANCHING (MATHEMATICS), ELLIPSOIDS, HYDRODYNAMIC EQUATIONS, LINEAR EQUATIONS, PERTURBATION THEORY, RIEMANN MANIFOLD, SYSTEMS STABILITY},
	Month = sep,
	Pages = {364-380},
	Title = {{On the fission theory of binary stars. IV - Exact solutions in polynomial spaces}},
	Volume = 284,
	Year = 1984,
	Bdsk-Url-1 = {http://dx.doi.org/10.1086/162415}}

@article{Lebovitz1974,
	Adsnote = {Provided by the SAO/NASA Astrophysics Data System},
	Adsurl = {http://adsabs.harvard.edu/abs/1974ApJ...190..121L},
	Author = {{Lebovitz}, N.~R.},
	Doi = {10.1086/152855},
	Journal = {\apj},
	Month = may,
	Pages = {121-130},
	Title = {{The Fission Theory of Binary Stars. II. Stability to Third-Harmonics Disturbances}},
	Volume = 190,
	Year = 1974,
	Bdsk-Url-1 = {http://dx.doi.org/10.1086/152855}}

@article{Krumholz2009,
	Adsnote = {Provided by the SAO/NASA Astrophysics Data System},
	Adsurl = {http://adsabs.harvard.edu/abs/2009Sci...323..754K},
	Archiveprefix = {arXiv},
	Author = {{Krumholz}, M.~R. and {Klein}, R.~I. and {McKee}, C.~F. and {Offner}, S.~S.~R. and {Cunningham}, A.~J.},
	Doi = {10.1126/science.1165857},
	Eprint = {0901.3157},
	Journal = {Science},
	Month = feb,
	Pages = {754-},
	Primaryclass = {astro-ph.SR},
	Title = {{The Formation of Massive Star Systems by Accretion}},
	Volume = 323,
	Year = 2009,
	Bdsk-Url-1 = {http://dx.doi.org/10.1126/science.1165857}}

@article{Krumholz2012,
	Adsnote = {Provided by the SAO/NASA Astrophysics Data System},
	Adsurl = {http://adsabs.harvard.edu/abs/2012ApJ...754...71K},
	Archiveprefix = {arXiv},
	Author = {{Krumholz}, M.~R. and {Klein}, R.~I. and {McKee}, C.~F.},
	Doi = {10.1088/0004-637X/754/1/71},
	Eid = {71},
	Eprint = {1203.2620},
	Journal = {\apj},
	Keywords = {ISM: clouds, radiative transfer, stars: formation, stars: luminosity function, mass function, turbulence},
	Month = jul,
	Pages = {71},
	Primaryclass = {astro-ph.SR},
	Title = {{Radiation-hydrodynamic Simulations of the Formation of Orion-like Star Clusters. II. The Initial Mass Function from Winds, Turbulence, and Radiation}},
	Volume = 754,
	Year = 2012,
	Bdsk-Url-1 = {http://dx.doi.org/10.1088/0004-637X/754/1/71}}

@article{Bate2012,
	Adsnote = {Provided by the SAO/NASA Astrophysics Data System},
	Adsurl = {http://adsabs.harvard.edu/abs/2012MNRAS.419.3115B},
	Archiveprefix = {arXiv},
	Author = {{Bate}, M.~R.},
	Doi = {10.1111/j.1365-2966.2011.19955.x},
	Eprint = {1110.1092},
	Journal = {\mnras},
	Keywords = {hydrodynamics, radiative transfer, binaries: general, stars: formation, stars: low-mass, stars: luminosity function, mass function},
	Month = feb,
	Pages = {3115-3146},
	Primaryclass = {astro-ph.SR},
	Title = {{Stellar, brown dwarf and multiple star properties from a radiation hydrodynamical simulation of star cluster formation}},
	Volume = 419,
	Year = 2012,
	Bdsk-Url-1 = {http://dx.doi.org/10.1111/j.1365-2966.2011.19955.x}}

@article{Stelzer2003,
	Adsnote = {Provided by the SAO/NASA Astrophysics Data System},
	Adsurl = {http://adsabs.harvard.edu/abs/2003A%26A...407.1067S},
	Author = {{Stelzer}, B. and {Hu{\'e}lamo}, N. and {Hubrig}, S. and {Zinnecker}, H. and {Micela}, G.},
	Doi = {10.1051/0004-6361:20030934},
	Eprint = {arXiv:astro-ph/0306401},
	Journal = {\aap},
	Keywords = {X-rays: stars, stars: early-type, late-type, coronae, activity},
	Month = sep,
	Pages = {1067-1078},
	Title = {{Late B-type stars and their candidate companions resolved with Chandra}},
	Volume = 407,
	Year = 2003,
	Bdsk-Url-1 = {http://dx.doi.org/10.1051/0004-6361:20030934}}

@article{Berghoefer2007,
	Adsnote = {Provided by the SAO/NASA Astrophysics Data System},
	Adsurl = {http://adsabs.harvard.edu/abs/1997A%26A...322..167B},
	Author = {{Berghoefer}, T.~W. and {Schmitt}, J.~H.~M.~M. and {Danner}, R. and {Cassinelli}, J.~P.},
	Journal = {\aap},
	Keywords = {STARS: EARLY-TYPE, X-RAYS: STARS, STARS: MASS LOSS},
	Month = jun,
	Pages = {167-174},
	Title = {{X-ray properties of bright OB-type stars detected in the ROSAT all-sky survey.}},
	Volume = 322,
	Year = 1997}

@article{Huelamo2000,
	Adsnote = {Provided by the SAO/NASA Astrophysics Data System},
	Adsurl = {http://adsabs.harvard.edu/abs/2000Ap%26SS.272..311H},
	Author = {{Hu{\'e}lamo}, N. and {Neuh{\"a}user}, R. and {Stelzer}, B. and {Zinnecker}, H.},
	Doi = {10.1023/A:1002625303173},
	Journal = {\apss},
	Pages = {311-314},
	Title = {{The Mysterious X-Ray Emission from Late-B Type Stars: the Lindroos Sample}},
	Volume = 272,
	Year = 2000,
	Bdsk-Url-1 = {http://dx.doi.org/10.1023/A:1002625303173}}

@article{Schmitt1997,
	Adsnote = {Provided by the SAO/NASA Astrophysics Data System},
	Adsurl = {http://adsabs.harvard.edu/abs/1997A%26A...318..215S},
	Author = {{Schmitt}, J.~H.~M.~M.},
	Journal = {\aap},
	Keywords = {STARS: X-RAYS, CORONAE, NEARBY STARS},
	Month = feb,
	Pages = {215-230},
	Title = {{Coronae on solar-like stars.}},
	Volume = 318,
	Year = 1997}

@article{Sana2012,
	Adsnote = {Provided by the SAO/NASA Astrophysics Data System},
	Adsurl = {http://adsabs.harvard.edu/abs/2012Sci...337..444S},
	Archiveprefix = {arXiv},
	Author = {{Sana}, H. and {de Mink}, S.~E. and {de Koter}, A. and {Langer}, N. and {Evans}, C.~J. and {Gieles}, M. and {Gosset}, E. and {Izzard}, R.~G. and {Le Bouquin}, J.-B. and {Schneider}, F.~R.~N.},
	Doi = {10.1126/science.1223344},
	Eprint = {1207.6397},
	Journal = {Science},
	Month = jul,
	Pages = {444-},
	Primaryclass = {astro-ph.SR},
	Title = {{Binary Interaction Dominates the Evolution of Massive Stars}},
	Volume = 337,
	Year = 2012,
	Bdsk-Url-1 = {http://dx.doi.org/10.1126/science.1223344}}

@article{Marois2008,
	Adsnote = {Provided by the SAO/NASA Astrophysics Data System},
	Adsurl = {http://adsabs.harvard.edu/abs/2008Sci...322.1348M},
	Archiveprefix = {arXiv},
	Author = {{Marois}, C. and {Macintosh}, B. and {Barman}, T. and {Zuckerman}, B. and {Song}, I. and {Patience}, J. and {Lafreni{\`e}re}, D. and {Doyon}, R.},
	Doi = {10.1126/science.1166585},
	Eprint = {0811.2606},
	Journal = {Science},
	Month = nov,
	Pages = {1348-},
	Title = {{Direct Imaging of Multiple Planets Orbiting the Star HR 8799}},
	Volume = 322,
	Year = 2008,
	Bdsk-Url-1 = {http://dx.doi.org/10.1126/science.1166585}}

@article{Marois2010,
	Adsnote = {Provided by the SAO/NASA Astrophysics Data System},
	Adsurl = {http://adsabs.harvard.edu/abs/2010Natur.468.1080M},
	Archiveprefix = {arXiv},
	Author = {{Marois}, C. and {Zuckerman}, B. and {Konopacky}, Q.~M. and {Macintosh}, B. and {Barman}, T.},
	Doi = {10.1038/nature09684},
	Eprint = {1011.4918},
	Journal = {\nat},
	Month = dec,
	Pages = {1080-1083},
	Primaryclass = {astro-ph.EP},
	Title = {{Images of a fourth planet orbiting HR 8799}},
	Volume = 468,
	Year = 2010,
	Bdsk-Url-1 = {http://dx.doi.org/10.1038/nature09684}}

@article{Lagrange2010,
	Adsnote = {Provided by the SAO/NASA Astrophysics Data System},
	Adsurl = {http://adsabs.harvard.edu/abs/2010Sci...329...57L},
	Archiveprefix = {arXiv},
	Author = {{Lagrange}, A.-M. and {Bonnefoy}, M. and {Chauvin}, G. and {Apai}, D. and {Ehrenreich}, D. and {Boccaletti}, A. and {Gratadour}, D. and {Rouan}, D. and {Mouillet}, D. and {Lacour}, S. and {Kasper}, M.},
	Doi = {10.1126/science.1187187},
	Eprint = {1006.3314},
	Journal = {Science},
	Month = jul,
	Pages = {57-},
	Primaryclass = {astro-ph.EP},
	Title = {{A Giant Planet Imaged in the Disk of the Young Star {$\beta$} Pictoris}},
	Volume = 329,
	Year = 2010,
	Bdsk-Url-1 = {http://dx.doi.org/10.1126/science.1187187}}

@article{Paardekooper2012,
	Adsnote = {Provided by the SAO/NASA Astrophysics Data System},
	Adsurl = {http://adsabs.harvard.edu/abs/2012ApJ...754L..16P},
	Archiveprefix = {arXiv},
	Author = {{Paardekooper}, S.-J. and {Leinhardt}, Z.~M. and {Th{\'e}bault}, P. and {Baruteau}, C.},
	Doi = {10.1088/2041-8205/754/1/L16},
	Eid = {L16},
	Eprint = {1206.3484},
	Journal = {\apjl},
	Keywords = {planets and satellites: formation},
	Month = jul,
	Pages = {L16},
	Primaryclass = {astro-ph.EP},
	Title = {{How Not to Build Tatooine: The Difficulty of In Situ Formation of Circumbinary Planets Kepler 16b, Kepler 34b, and Kepler 35b}},
	Volume = 754,
	Year = 2012,
	Bdsk-Url-1 = {http://dx.doi.org/10.1088/2041-8205/754/1/L16}}

@article{Meschiari2012,
	Adsnote = {Provided by the SAO/NASA Astrophysics Data System},
	Adsurl = {http://adsabs.harvard.edu/abs/2012ApJ...752...71M},
	Archiveprefix = {arXiv},
	Author = {{Meschiari}, S.},
	Doi = {10.1088/0004-637X/752/1/71},
	Eid = {71},
	Eprint = {1204.1314},
	Journal = {\apj},
	Keywords = {planets and satellites: dynamical evolution and stability, planets and satellites: formation},
	Month = jun,
	Pages = {71},
	Primaryclass = {astro-ph.EP},
	Title = {{Circumbinary Planet Formation in the Kepler-16 System. I. N-body Simulations}},
	Volume = 752,
	Year = 2012,
	Bdsk-Url-1 = {http://dx.doi.org/10.1088/0004-637X/752/1/71}}

@article{Doyle2011,
	Adsnote = {Provided by the SAO/NASA Astrophysics Data System},
	Adsurl = {http://adsabs.harvard.edu/abs/2011Sci...333.1602D},
	Archiveprefix = {arXiv},
	Author = {{Doyle}, L.~R. and {Carter}, J.~A. and {Fabrycky}, D.~C. and {Slawson}, R.~W. and {Howell}, S.~B. and {Winn}, J.~N. and {Orosz}, J.~A. and {Pr{\v{ }}sa}, A. and {Welsh}, W.~F. and {Quinn}, S.~N. and {Latham}, D. and {Torres}, G. and {Buchhave}, L.~A. and {Marcy}, G.~W. and {Fortney}, J.~J. and {Shporer}, A. and {Ford}, E.~B. and {Lissauer}, J.~J. and {Ragozzine}, D. and {Rucker}, M. and {Batalha}, N. and {Jenkins}, J.~M. and {Borucki}, W.~J. and {Koch}, D. and {Middour}, C.~K. and {Hall}, J.~R. and {McCauliff}, S. and {Fanelli}, M.~N. and {Quintana}, E.~V. and {Holman}, M.~J. and {Caldwell}, D.~A. and {Still}, M. and {Stefanik}, R.~P. and {Brown}, W.~R. and {Esquerdo}, G.~A. and {Tang}, S. and {Furesz}, G. and {Geary}, J.~C. and {Berlind}, P. and {Calkins}, M.~L. and {Short}, D.~R. and {Steffen}, J.~H. and {Sasselov}, D. and {Dunham}, E.~W. and {Cochran}, W.~D. and {Boss}, A. and {Haas}, M.~R. and {Buzasi}, D. and {Fischer}, D.},
	Doi = {10.1126/science.1210923},
	Eprint = {1109.3432},
	Journal = {Science},
	Month = sep,
	Pages = {1602-},
	Primaryclass = {astro-ph.EP},
	Title = {{Kepler-16: A Transiting Circumbinary Planet}},
	Volume = 333,
	Year = 2011,
	Bdsk-Url-1 = {http://dx.doi.org/10.1126/science.1210923}}

@article{Welsh2012,
	Adsnote = {Provided by the SAO/NASA Astrophysics Data System},
	Adsurl = {http://adsabs.harvard.edu/abs/2012Natur.481..475W},
	Archiveprefix = {arXiv},
	Author = {{Welsh}, W.~F. and {Orosz}, J.~A. and {Carter}, J.~A. and {Fabrycky}, D.~C. and {Ford}, E.~B. and {Lissauer}, J.~J. and {Pr{\v s}a}, A. and {Quinn}, S.~N. and {Ragozzine}, D. and {Short}, D.~R. and {Torres}, G. and {Winn}, J.~N. and {Doyle}, L.~R. and {Barclay}, T. and {Batalha}, N. and {Bloemen}, S. and {Brugamyer}, E. and {Buchhave}, L.~A. and {Caldwell}, C. and {Caldwell}, D.~A. and {Christiansen}, J.~L. and {Ciardi}, D.~R. and {Cochran}, W.~D. and {Endl}, M. and {Fortney}, J.~J. and {Gautier}, III, T.~N. and {Gilliland}, R.~L. and {Haas}, M.~R. and {Hall}, J.~R. and {Holman}, M.~J. and {Howard}, A.~W. and {Howell}, S.~B. and {Isaacson}, H. and {Jenkins}, J.~M. and {Klaus}, T.~C. and {Latham}, D.~W. and {Li}, J. and {Marcy}, G.~W. and {Mazeh}, T. and {Quintana}, E.~V. and {Robertson}, P. and {Shporer}, A. and {Steffen}, J.~H. and {Windmiller}, G. and {Koch}, D.~G. and {Borucki}, W.~J.},
	Doi = {10.1038/nature10768},
	Eprint = {1204.3955},
	Journal = {\nat},
	Month = jan,
	Pages = {475-479},
	Primaryclass = {astro-ph.EP},
	Title = {{Transiting circumbinary planets Kepler-34 b and Kepler-35 b}},
	Volume = 481,
	Year = 2012,
	Bdsk-Url-1 = {http://dx.doi.org/10.1038/nature10768}}

@article{Pierens2008,
	Adsnote = {Provided by the SAO/NASA Astrophysics Data System},
	Adsurl = {http://adsabs.harvard.edu/abs/2008A%26A...483..633P},
	Archiveprefix = {arXiv},
	Author = {{Pierens}, A. and {Nelson}, R.~P.},
	Doi = {10.1051/0004-6361:200809453},
	Eprint = {0803.2000},
	Journal = {\aap},
	Keywords = {accretion, accretion disks, planets and satellites: formation, stars: binaries: close, hydrodynamics, methods: numerical},
	Month = may,
	Pages = {633-642},
	Title = {{On the formation and migration of giant planets in circumbinary discs}},
	Volume = 483,
	Year = 2008,
	Bdsk-Url-1 = {http://dx.doi.org/10.1051/0004-6361:200809453}}

@article{Pourbaix2004,
	Adsnote = {Provided by the SAO/NASA Astrophysics Data System},
	Adsurl = {http://adsabs.harvard.edu/abs/2004A%26A...424..727P},
	Author = {{Pourbaix}, D. and {Tokovinin}, A.~A. and {Batten}, A.~H. and {Fekel}, F.~C. and {Hartkopf}, W.~I. and {Levato}, H. and {Morrell}, N.~I. and {Torres}, G. and {Udry}, S.},
	Doi = {10.1051/0004-6361:20041213},
	Eprint = {arXiv:astro-ph/0406573},
	Journal = {\aap},
	Keywords = {stars: binaries: spectroscopic, astronomical data bases: miscellaneous, catalogs},
	Month = sep,
	Pages = {727-732},
	Title = {{S$_{B<SUP>9</SUP>}$: The ninth catalogue of spectroscopic binary orbits}},
	Volume = 424,
	Year = 2004,
	Bdsk-Url-1 = {http://dx.doi.org/10.1051/0004-6361:20041213}}

@article{Kouwenhoven2005,
	Adsnote = {Provided by the SAO/NASA Astrophysics Data System},
	Adsurl = {http://adsabs.harvard.edu/abs/2005A%26A...430..137K},
	Author = {{Kouwenhoven}, M.~B.~N. and {Brown}, A.~G.~A. and {Zinnecker}, H. and {Kaper}, L. and {Portegies Zwart}, S.~F.},
	Doi = {10.1051/0004-6361:20048124},
	Eprint = {arXiv:astro-ph/0410106},
	Journal = {\aap},
	Keywords = {stars: binaries: visual, stars: binaries: general, stars: formation, Galaxy: open clusters and associations: general, stars: individual: Sco OB2},
	Month = jan,
	Pages = {137-154},
	Title = {{The primordial binary population. I. A near-infrared adaptive optics search for close visual companions to A star members of Scorpius OB2}},
	Volume = 430,
	Year = 2005,
	Bdsk-Url-1 = {http://dx.doi.org/10.1051/0004-6361:20048124}}
	

@ARTICLE{Kouwenhoven2007,
   author = {{Kouwenhoven}, M.~B.~N. and {Brown}, A.~G.~A. and {Portegies Zwart}, S.~F. and 
	{Kaper}, L.},
    title = "{The primordial binary population. II.. Recovering the binary population for intermediate mass stars in Scorpius OB2}",
  journal = {\aap},
archivePrefix = "arXiv",
   eprint = {0707.2746},
 keywords = {Galaxy: open clusters and associations: individual: Scorpius OB2, stars: binaries: visual, stars: binaries: general, stars: formation},
     year = 2007,
    month = oct,
   volume = 474,
    pages = {77-104},
      doi = {10.1051/0004-6361:20077719},
   adsurl = {http://adsabs.harvard.edu/abs/2007A%26A...474...77K},
  adsnote = {Provided by the SAO/NASA Astrophysics Data System}
}
	



@article{Gullikson2013_2,
	Adsnote = {Provided by the SAO/NASA Astrophysics Data System},
	Adsurl = {http://adsabs.harvard.edu/abs/2013AJ....145....3G},
	Archiveprefix = {arXiv},
	Author = {{Gullikson}, K. and {Dodson-Robinson}, S.},
	Doi = {10.1088/0004-6256/145/1/3},
	Eid = {3},
	Eprint = {1210.6360},
	Journal = {\aj},
	Keywords = {binaries: spectroscopic, stars: early-type, stars: formation},
	Month = jan,
	Pages = {3},
	Primaryclass = {astro-ph.SR},
	Title = {{Detection of Low-Mass-ratio Stellar Binary Systems}},
	Volume = 145,
	Year = 2013,
	Bdsk-Url-1 = {http://dx.doi.org/10.1088/0004-6256/145/1/3}}
	
	
@ARTICLE{Gullikson2014,
   author = {{Gullikson}, K. and {Dodson-Robinson}, S. and {Kraus}, A.},
    title = "{Correcting for Telluric Absorption: Methods, Case Studies, and Release of the TelFit Code}",
  journal = {\aj},
archivePrefix = "arXiv",
   eprint = {1406.6059},
 primaryClass = "astro-ph.IM",
 keywords = {atmospheric effects, instrumentation: spectrographs, techniques: spectroscopic },
     year = 2014,
    month = sep,
   volume = 148,
      eid = {53},
    pages = {53},
      doi = {10.1088/0004-6256/148/3/53},
   adsurl = {http://adsabs.harvard.edu/abs/2014AJ....148...53G},
  adsnote = {Provided by the SAO/NASA Astrophysics Data System}
}

@article{Tomkin1995,
	Adsnote = {Provided by the SAO/NASA Astrophysics Data System},
	Adsurl = {http://adsabs.harvard.edu/abs/1995AJ....109..780T},
	Author = {{Tomkin}, J. and {Pan}, X. and {McCarthy}, J.~K.},
	Doi = {10.1086/117321},
	Journal = {\aj},
	Keywords = {ASTRONOMICAL INTERFEROMETRY, ASTRONOMICAL SPECTROSCOPY, BINARY STARS, INFRARED SPECTRA, VISIBLE SPECTRUM, DISTANCE, NEAR INFRARED RADIATION, RADIAL VELOCITY, STELLAR MASS, STELLAR ORBITS},
	Month = feb,
	Pages = {780-790},
	Title = {{Spectroscopic detection of the secondaries of the Hyades interferometric spectroscopic binary theta$^{2}$ Tauri and of the interferometric spectroscopic binary alpha Andromedae}},
	Volume = 109,
	Year = 1995,
	Bdsk-Url-1 = {http://dx.doi.org/10.1086/117321}}

@article{Mason2013,
	Adsnote = {Provided by the SAO/NASA Astrophysics Data System},
	Adsurl = {http://adsabs.harvard.edu/abs/2013yCat....102026M},
	Author = {{Mason}, B.~D. and {Wycoff}, G.~L. and {Hartkopf}, W.~I. and {Douglass}, G.~G. and {Worley}, C.~E.},
	Journal = {VizieR Online Data Catalog},
	Keywords = {Stars: double and multiple, Positional data},
	Month = sep,
	Pages = {2026},
	Title = {{The Washington Visual Double Star Catalog (Mason+ 2001-2013)}},
	Volume = 1,
	Year = 2013}

@article{DeRosa2011,
	Adsnote = {Provided by the SAO/NASA Astrophysics Data System},
	Adsurl = {http://adsabs.harvard.edu/abs/2011MNRAS.415..854D},
	Archiveprefix = {arXiv},
	Author = {{De Rosa}, R.~J. and {Bulger}, J. and {Patience}, J. and {Leland}, B. and {Macintosh}, B. and {Schneider}, A. and {Song}, I. and {Marois}, C. and {Graham}, J.~R. and {Bessell}, M. and {Doyon}, R.},
	Doi = {10.1111/j.1365-2966.2011.18765.x},
	Eprint = {1103.4363},
	Journal = {\mnras},
	Keywords = {techniques: high angular resolution, binaries: general, stars: early-type, stars: imaging, X-rays: stars},
	Month = jul,
	Pages = {854-866},
	Primaryclass = {astro-ph.SR},
	Title = {{The Volume-limited A-Star (VAST) survey - I. Companions and the unexpected X-ray detection of B6-A7 stars}},
	Volume = 415,
	Year = 2011,
	Bdsk-Url-1 = {http://dx.doi.org/10.1111/j.1365-2966.2011.18765.x}}

@article{Agueros2011,
	Adsnote = {Provided by the SAO/NASA Astrophysics Data System},
	Adsurl = {http://adsabs.harvard.edu/abs/2011ApJ...740..110A},
	Archiveprefix = {arXiv},
	Author = {{Ag{\"u}eros}, M.~A. and {Covey}, K.~R. and {Lemonias}, J.~J. and {Law}, N.~M. and {Kraus}, A. and {Batalha}, N. and {Bloom}, J.~S. and {Cenko}, S.~B. and {Kasliwal}, M.~M. and {Kulkarni}, S.~R. and {Nugent}, P.~E. and {Ofek}, E.~O. and {Poznanski}, D. and {Quimby}, R.~M.},
	Doi = {10.1088/0004-637X/740/2/110},
	Eid = {110},
	Eprint = {1107.4039},
	Journal = {\apj},
	Keywords = {open clusters and associations: individual: Praesepe, stars: rotation, surveys, techniques: photometric},
	Month = oct,
	Pages = {110},
	Primaryclass = {astro-ph.SR},
	Title = {{The Factory and the Beehive. I. Rotation Periods for Low-mass Stars in Praesepe}},
	Volume = 740,
	Year = 2011,
	Bdsk-Url-1 = {http://dx.doi.org/10.1088/0004-637X/740/2/110}}

@article{DeRosa2013,
	Adsnote = {Provided by the SAO/NASA Astrophysics Data System},
	Adsurl = {http://adsabs.harvard.edu/abs/2013MNRAS.tmp.2728D},
	Archiveprefix = {arXiv},
	Author = {{De Rosa}, R.~J. and {Patience}, J. and {Wilson}, P.~A. and {Schneider}, A. and {Wiktorowicz}, S.~J. and {Vigan}, A. and {Marois}, C. and {Song}, I. and {Macintosh}, B. and {Graham}, J.~R. and {Doyon}, R. and {Bessell}, M.~S. and {Thomas}, S. and {Lai}, O.},
	Doi = {10.1093/mnras/stt1932},
	Eprint = {1311.7141},
	Journal = {\mnras},
	Keywords = {techniques: high angular resolution, binaries: close, binaries: general, binaries: visual, stars: early-type},
	Month = nov,
	Primaryclass = {astro-ph.SR},
	Title = {{The VAST Survey - III. The multiplicity of A-type stars within 75 pc}},
	Year = 2013,
	Bdsk-Url-1 = {http://dx.doi.org/10.1093/mnras/stt1932}}

@article{Eggleton2008,
	Adsnote = {Provided by the SAO/NASA Astrophysics Data System},
	Adsurl = {http://adsabs.harvard.edu/abs/2008MNRAS.389..869E},
	Archiveprefix = {arXiv},
	Author = {{Eggleton}, P.~P. and {Tokovinin}, A.~A.},
	Doi = {10.1111/j.1365-2966.2008.13596.x},
	Eprint = {0806.2878},
	Journal = {\mnras},
	Keywords = {binaries: close , stars: statistics},
	Month = sep,
	Pages = {869-879},
	Title = {{A catalogue of multiplicity among bright stellar systems}},
	Volume = 389,
	Year = 2008,
	Bdsk-Url-1 = {http://dx.doi.org/10.1111/j.1365-2966.2008.13596.x}}

@incollection{Powell1994,
	Author = {Powell, M.J.D.},
	Booktitle = {Advances in Optimization and Numerical Analysis},
	Doi = {10.1007/978-94-015-8330-5_4},
	Editor = {Gomez, Susana and Hennart, Jean-Pierre},
	Isbn = {978-90-481-4358-0},
	Keywords = {Direct search; Linear interpolation; Nonlinear constraints; Optimization without derivatives},
	Language = {English},
	Pages = {51-67},
	Publisher = {Springer Netherlands},
	Series = {Mathematics and Its Applications},
	Title = {A Direct Search Optimization Method That Models the Objective and Constraint Functions by Linear Interpolation},
	Url = {http://dx.doi.org/10.1007/978-94-015-8330-5_4},
	Volume = {275},
	Year = {1994},
	Bdsk-Url-1 = {http://dx.doi.org/10.1007/978-94-015-8330-5_4}}

@article{Beer1852,
	Author = {Beer},
	Doi = {10.1002/andp.18521620505},
	Issn = {1521-3889},
	Journal = {Annalen der Physik},
	Number = {5},
	Pages = {78--88},
	Publisher = {WILEY-VCH Verlag},
	Title = {Bestimmung der Absorption des rothen Lichts in farbigen Fl{\"u}ssigkeiten},
	Url = {http://dx.doi.org/10.1002/andp.18521620505},
	Volume = {162},
	Year = {1852},
	Bdsk-Url-1 = {http://dx.doi.org/10.1002/andp.18521620505}}

@article{Bertaux2013,
   author = {{Bertaux}, J.~L. and {Lallement}, R. and {Ferron}, S. and {Boonne}, C. and 
	{Bodichon}, R.},
    title = "{TAPAS, a web-based service of atmospheric transmission computation for astronomy}",
  journal = {\aap},
archivePrefix = "arXiv",
   eprint = {1311.4169},
 primaryClass = "astro-ph.IM",
 keywords = {atmospheric effects, techniques: spectroscopic},
     year = 2014,
    month = apr,
   volume = 564,
      eid = {A46},
    pages = {A46},
      doi = {10.1051/0004-6361/201322383},
   adsurl = {http://adsabs.harvard.edu/abs/2014A%26A...564A..46B},
  adsnote = {Provided by the SAO/NASA Astrophysics Data System}
}


@article{Husser2013,
	Adsnote = {Provided by the SAO/NASA Astrophysics Data System},
	Adsurl = {http://adsabs.harvard.edu/abs/2013arXiv1312.2450H},
	Archiveprefix = {arXiv},
	Author = {{Husser}, T.-O. and {Ulbrich}, K.},
	Eprint = {1312.2450},
	Journal = {ArXiv e-prints},
	Keywords = {Astrophysics - Solar and Stellar Astrophysics},
	Month = dec,
	Primaryclass = {astro-ph.SR},
	Title = {{Using a model for telluric absorption in full-spectrum fits}},
	Year = 2013}

@article{Cotton2013,
   author = {{Cotton}, D.~V. and {Bailey}, J. and {Kedziora-Chudczer}, L.
	},
    title = "{Atmospheric modelling for the removal of telluric features from infrared planetary spectra}",
  journal = {\mnras},
archivePrefix = "arXiv",
   eprint = {1312.5824},
 primaryClass = "astro-ph.EP",
 keywords = {radiative transfer, techniques: spectroscopic, planets and satellites: atmospheres, infrared: planetary systems},
     year = 2014,
    month = mar,
   volume = 439,
    pages = {387-399},
      doi = {10.1093/mnras/stt2465},
   adsurl = {http://adsabs.harvard.edu/abs/2014MNRAS.439..387C},
  adsnote = {Provided by the SAO/NASA Astrophysics Data System}
}


@article{savitzky1964,
	Author = {Savitzky, Abraham. and Golay, M. J. E.},
	Doi = {10.1021/ac60214a047},
	Eprint = {http://pubs.acs.org/doi/pdf/10.1021/ac60214a047},
	Journal = {Analytical Chemistry},
	Number = {8},
	Pages = {1627-1639},
	Title = {Smoothing and Differentiation of Data by Simplified Least Squares Procedures.},
	Url = {http://pubs.acs.org/doi/abs/10.1021/ac60214a047},
	Volume = {36},
	Year = {1964},
	Bdsk-Url-1 = {http://pubs.acs.org/doi/abs/10.1021/ac60214a047},
	Bdsk-Url-2 = {http://dx.doi.org/10.1021/ac60214a047}}

@article{Marquardt1963,
	Author = {Marquardt, D.},
	Doi = {10.1137/0111030},
	Eprint = {http://epubs.siam.org/doi/pdf/10.1137/0111030},
	Journal = {Journal of the Society for Industrial and Applied Mathematics},
	Number = {2},
	Pages = {431-441},
	Title = {An Algorithm for Least-Squares Estimation of Nonlinear Parameters},
	Url = {http://epubs.siam.org/doi/abs/10.1137/0111030},
	Volume = {11},
	Year = {1963},
	Bdsk-Url-1 = {http://epubs.siam.org/doi/abs/10.1137/0111030},
	Bdsk-Url-2 = {http://dx.doi.org/10.1137/0111030}}

@article{Astropy,
	Adsnote = {Provided by the SAO/NASA Astrophysics Data System},
	Adsurl = {http://adsabs.harvard.edu/abs/2013A%26A...558A..33A},
	Archiveprefix = {arXiv},
	Author = {{Astropy Collaboration} and {Robitaille}, T.~P. and {Tollerud}, E.~J. and {Greenfield}, P. and {Droettboom}, M. and {Bray}, E. and {Aldcroft}, T. and {Davis}, M. and {Ginsburg}, A. and {Price-Whelan}, A.~M. and {Kerzendorf}, W.~E. and {Conley}, A. and {Crighton}, N. and {Barbary}, K. and {Muna}, D. and {Ferguson}, H. and {Grollier}, F. and {Parikh}, M.~M. and {Nair}, P.~H. and {Unther}, H.~M. and {Deil}, C. and {Woillez}, J. and {Conseil}, S. and {Kramer}, R. and {Turner}, J.~E.~H. and {Singer}, L. and {Fox}, R. and {Weaver}, B.~A. and {Zabalza}, V. and {Edwards}, Z.~I. and {Azalee Bostroem}, K. and {Burke}, D.~J. and {Casey}, A.~R. and {Crawford}, S.~M. and {Dencheva}, N. and {Ely}, J. and {Jenness}, T. and {Labrie}, K. and {Lim}, P.~L. and {Pierfederici}, F. and {Pontzen}, A. and {Ptak}, A. and {Refsdal}, B. and {Servillat}, M. and {Streicher}, O.},
	Doi = {10.1051/0004-6361/201322068},
	Eid = {A33},
	Eprint = {1307.6212},
	Journal = {\aap},
	Keywords = {methods: data analysis, methods: miscellaneous, virtual observatory tools},
	Month = oct,
	Pages = {A33},
	Primaryclass = {astro-ph.IM},
	Title = {{Astropy: A community Python package for astronomy}},
	Volume = 558,
	Year = 2013,
	Bdsk-Url-1 = {http://dx.doi.org/10.1051/0004-6361/201322068}}

@article{Kraus2014,
   author = {{Kraus}, A.~L. and {Shkolnik}, E.~L. and {Allers}, K.~N. and 
	{Liu}, M.~C.},
    title = "{A Stellar Census of the Tucana-Horologium Moving Group}",
  journal = {\aj},
archivePrefix = "arXiv",
   eprint = {1403.0050},
 primaryClass = "astro-ph.SR",
 keywords = {binaries: spectroscopic, open clusters and associations: individual: Tucana-Horologium, stars: activity, stars: kinematics and dynamics, stars: low-mass, stars: pre-main sequence},
     year = 2014,
    month = jun,
   volume = 147,
      eid = {146},
    pages = {146},
      doi = {10.1088/0004-6256/147/6/146},
   adsurl = {http://adsabs.harvard.edu/abs/2014AJ....147..146K},
  adsnote = {Provided by the SAO/NASA Astrophysics Data System}
}


@article{Kelson2003,
	Adsnote = {Provided by the SAO/NASA Astrophysics Data System},
	Adsurl = {http://adsabs.harvard.edu/abs/2003PASP..115..688K},
	Author = {{Kelson}, D.~D.},
	Doi = {10.1086/375502},
	Eprint = {astro-ph/0303507},
	Journal = {\pasp},
	Keywords = {Methods: Data Analysis, Techniques: Spectroscopic},
	Month = jun,
	Pages = {688-699},
	Title = {{Optimal Techniques in Two-dimensional Spectroscopy: Background Subtraction for the 21st Century}},
	Volume = 115,
	Year = 2003,
	Bdsk-Url-1 = {http://dx.doi.org/10.1086/375502}}

@article{Oliphant2007,
	Author = {Oliphant, Travis E.},
	Doi = {http://dx.doi.org/10.1109/MCSE.2007.58},
	Journal = {Computing in Science $\&$ Engineering},
	Number = {3},
	Pages = {10-20},
	Title = {Python for Scientific Computing},
	Url = {http://scitation.aip.org/content/aip/journal/cise/9/3/10.1109/MCSE.2007.58},
	Volume = {9},
	Year = {2007},
	Bdsk-Url-1 = {http://scitation.aip.org/content/aip/journal/cise/9/3/10.1109/MCSE.2007.58},
	Bdsk-Url-2 = {http://dx.doi.org/10.1109/MCSE.2007.58}}

@article{Slesnick2006,
	Adsnote = {Provided by the SAO/NASA Astrophysics Data System},
	Adsurl = {http://adsabs.harvard.edu/abs/2006AJ....131.3016S},
	Author = {{Slesnick}, C.~L. and {Carpenter}, J.~M. and {Hillenbrand}, L.~A.},
	Doi = {10.1086/503560},
	Eprint = {astro-ph/0602298},
	Journal = {\aj},
	Keywords = {Galaxy: Open Clusters and Associations: Individual: Name: Upper Scorpius, Stars: Low-Mass, Brown Dwarfs, Stars: Pre-Main-Sequence},
	Month = jun,
	Pages = {3016-3027},
	Title = {{A Large-Area Search for Low-Mass Objects in Upper Scorpius. I. The Photometric Campaign and New Brown Dwarfs}},
	Volume = 131,
	Year = 2006,
	Bdsk-Url-1 = {http://dx.doi.org/10.1086/503560}}

@article{SB9,
	Adsnote = {Provided by the SAO/NASA Astrophysics Data System},
	Adsurl = {http://adsabs.harvard.edu/abs/2009yCat....102020P},
	Author = {{Pourbaix}, D. and {Tokovinin}, A.~A. and {Batten}, A.~H. and {Fekel}, F.~C. and {Hartkopf}, W.~I. and {Levato}, H. and {Morell}, N.~I. and {Torres}, G. and {Udry}, S.},
	Journal = {VizieR Online Data Catalog},
	Keywords = {Binaries: orbits, Binaries: spectroscopic},
	Month = aug,
	Pages = {2020},
	Title = {{SB9: 9th Catalogue of Spectroscopic Binary Orbits (Pourbaix+ 2004-2014)}},
	Volume = 1,
	Year = 2009}

@article{WDS,
	Adsnote = {Provided by the SAO/NASA Astrophysics Data System},
	Adsurl = {http://adsabs.harvard.edu/abs/2014yCat....102026M},
	Author = {{Mason}, B.~D. and {Wycoff}, G.~L. and {Hartkopf}, W.~I. and {Douglass}, G.~G. and {Worley}, C.~E.},
	Journal = {VizieR Online Data Catalog},
	Keywords = {Stars: double and multiple, Positional data},
	Month = feb,
	Pages = {2026},
	Title = {{The Washington Visual Double Star Catalog (Mason+ 2001-2014)}},
	Volume = 1,
	Year = 2014}

@inproceedings{Nitschelm2011,
	Adsnote = {Provided by the SAO/NASA Astrophysics Data System},
	Adsurl = {http://adsabs.harvard.edu/abs/2011ASPC..447...75N},
	Author = {{Nitschelm}, C. and {David}, M.},
	Booktitle = {Evolution of Compact Binaries},
	Editor = {{Schmidtobreick}, L. and {Schreiber}, M.~R. and {Tappert}, C.},
	Month = sep,
	Pages = {75},
	Series = {Astronomical Society of the Pacific Conference Series},
	Title = {{An Investigation on Close Binaries in the Sco-Cen Complex}},
	Volume = 447,
	Year = 2011}

@inproceedings{Rucinski1999,
	Adsnote = {Provided by the SAO/NASA Astrophysics Data System},
	Adsurl = {http://adsabs.harvard.edu/abs/1999ASPC..185...82R},
	Author = {{Rucinski}, S.},
	Booktitle = {IAU Colloq. 170: Precise Stellar Radial Velocities},
	Editor = {{Hearnshaw}, J.~B. and {Scarfe}, C.~D.},
	Eprint = {astro-ph/9807327},
	Pages = {82},
	Series = {Astronomical Society of the Pacific Conference Series},
	Title = {{Determination of Broadening Functions Using the Singular-Value Decomposition (SVD) Technique}},
	Volume = 185,
	Year = 1999}
	
	
	
@ARTICLE{Meyer2013,
   author = {{Reggiani}, M. and {Meyer}, M.~R.},
    title = "{Universality of the companion mass-ratio distribution}",
  journal = {\aap},
archivePrefix = "arXiv",
   eprint = {1304.3459},
 primaryClass = "astro-ph.GA",
 keywords = {binaries: general, stars: formation, stars: low-mass, stars: solar-type},
     year = 2013,
    month = may,
   volume = 553,
      eid = {A124},
    pages = {A124},
      doi = {10.1051/0004-6361/201321631},
   adsurl = {http://adsabs.harvard.edu/abs/2013A%26A...553A.124R},
  adsnote = {Provided by the SAO/NASA Astrophysics Data System}
}



@ARTICLE{Lefreniere2014,
   author = {{Lafreni{\`e}re}, D. and {Jayawardhana}, R. and {van Kerkwijk}, M.~H. and 
	{Brandeker}, A. and {Janson}, M.},
    title = "{An Adaptive Optics Multiplicity Census of Young Stars in Upper Scorpius}",
  journal = {\apj},
 keywords = {binaries: general, brown dwarfs, stars: formation, stars: low-mass},
     year = 2014,
    month = apr,
   volume = 785,
      eid = {47},
    pages = {47},
      doi = {10.1088/0004-637X/785/1/47},
   adsurl = {http://adsabs.harvard.edu/abs/2014ApJ...785...47L},
  adsnote = {Provided by the SAO/NASA Astrophysics Data System}
}


@ARTICLE{deKok2013,
   author = {{de Kok}, R.~J. and {Brogi}, M. and {Snellen}, I.~A.~G. and 
	{Birkby}, J. and {Albrecht}, S. and {de Mooij}, E.~J.~W.},
    title = "{Detection of carbon monoxide in the high-resolution day-side spectrum of the exoplanet HD 189733b}",
  journal = {\aap},
archivePrefix = "arXiv",
   eprint = {1304.4014},
 primaryClass = "astro-ph.EP",
 keywords = {planets and satellites: atmospheres, infrared: planetary systems, methods: data analysis, techniques: spectroscopic, planetary systems},
     year = 2013,
    month = jun,
   volume = 554,
      eid = {A82},
    pages = {A82},
      doi = {10.1051/0004-6361/201321381},
   adsurl = {http://adsabs.harvard.edu/abs/2013A%26A...554A..82D},
  adsnote = {Provided by the SAO/NASA Astrophysics Data System}
}


@BOOK {Huber1981,
    author    = "Huber",
    title     = "Robust Statistics",
    publisher = "Wiley and Sons, Inc",
    year      = "1981"
}


@ARTICLE{Johnson2014,
   author = {{Johnson}, M.~C. and {Cochran}, W.~D. and {Albrecht}, S. and 
	{Dodson-Robinson}, S.~E. and {Winn}, J.~N. and {Gullikson}, K.
	},
    title = "{A Misaligned Prograde Orbit for Kepler-13 Ab via Doppler Tomography}",
  journal = {\apj},
archivePrefix = "arXiv",
   eprint = {1406.0512},
 primaryClass = "astro-ph.EP",
 keywords = {line: profiles, planetary systems, planets and satellites: individual: Kepler-13 Ab, techniques: spectroscopic},
     year = 2014,
    month = jul,
   volume = 790,
      eid = {30},
    pages = {30},
      doi = {10.1088/0004-637X/790/1/30},
   adsurl = {http://adsabs.harvard.edu/abs/2014ApJ...790...30J},
  adsnote = {Provided by the SAO/NASA Astrophysics Data System}
}



@INPROCEEDINGS{Denoise, 
author={Qiang Guo and Jingchang Pan and Bin Jiang and Zhenping Yi}, 
booktitle={Information and Automation, 2008. ICIA 2008. International Conference on}, 
title={Astronomical spectra denoising based on simplified SURE-LET wavelet thresholding}, 
year={2008}, 
month={June}, 
pages={135-138}, 
keywords={astronomy computing;signal denoising;spectral analysis;wavelet transforms;SURE-LET wavelet thresholding function;astronomical spectra denoising;orthogonal wavelet-based denoising approach;signal-to-noise ratio;soft thresholding;visual quality;Automation;Estimation;Gaussian noise;Noise level;Noise reduction;Signal to noise ratio;Spectroscopy;Telescopes;Wavelet coefficients;Wavelet transforms}, 
doi={10.1109/ICINFA.2008.4607982},}

@ARTICLE{Kolbl2015,
   author = {{Kolbl}, R. and {Marcy}, G.~W. and {Isaacson}, H. and {Howard}, A.~W.
	},
    title = "{Detection of Stars Within {\sim}0.8 in of Kepler Objects of Interest}",
  journal = {\aj},
archivePrefix = "arXiv",
   eprint = {1412.5259},
 primaryClass = "astro-ph.SR",
 keywords = {binaries: spectroscopic, methods: statistical, planetary systems, stars: individual: SB2, techniques: radial velocities, techniques: spectroscopic},
     year = 2015,
    month = jan,
   volume = 149,
      eid = {18},
    pages = {18},
      doi = {10.1088/0004-6256/149/1/18},
   adsurl = {http://adsabs.harvard.edu/abs/2015AJ....149...18K},
  adsnote = {Provided by the SAO/NASA Astrophysics Data System}
}


@ARTICLE{Snellen2010,
   author = {{Snellen}, I.~A.~G. and {de Kok}, R.~J. and {de Mooij}, E.~J.~W. and 
	{Albrecht}, S.},
    title = "{The orbital motion, absolute mass and high-altitude winds of exoplanet HD209458b}",
  journal = {\nat},
archivePrefix = "arXiv",
   eprint = {1006.4364},
 primaryClass = "astro-ph.EP",
     year = 2010,
    month = jun,
   volume = 465,
    pages = {1049-1051},
      doi = {10.1038/nature09111},
   adsurl = {http://adsabs.harvard.edu/abs/2010Natur.465.1049S},
  adsnote = {Provided by the SAO/NASA Astrophysics Data System}
}


@ARTICLE{Husser2013_b,
   author = {{Husser}, T.-O. and {Wende-von Berg}, S. and {Dreizler}, S. and 
	{Homeier}, D. and {Reiners}, A. and {Barman}, T. and {Hauschildt}, P.~H.
	},
    title = "{A new extensive library of PHOENIX stellar atmospheres and synthetic spectra}",
  journal = {\aap},
archivePrefix = "arXiv",
   eprint = {1303.5632},
 primaryClass = "astro-ph.SR",
 keywords = {stars: atmospheres, convection, stars: late-type},
     year = 2013,
    month = may,
   volume = 553,
      eid = {A6},
    pages = {A6},
      doi = {10.1051/0004-6361/201219058},
   adsurl = {http://adsabs.harvard.edu/abs/2013A%26A...553A...6H},
  adsnote = {Provided by the SAO/NASA Astrophysics Data System}
}

@ARTICLE{Zucker2003,
   author = {{Zucker}, S.},
    title = "{Cross-correlation and maximum-likelihood analysis: a new approach to combining cross-correlation functions}",
  journal = {\mnras},
   eprint = {astro-ph/0303426},
 keywords = {methods: data analysis, methods: statistical, techniques: radial velocities, techniques: spectroscopic},
     year = 2003,
    month = jul,
   volume = 342,
    pages = {1291-1298},
      doi = {10.1046/j.1365-8711.2003.06633.x},
   adsurl = {http://adsabs.harvard.edu/abs/2003MNRAS.342.1291Z},
  adsnote = {Provided by the SAO/NASA Astrophysics Data System}
}

@ARTICLE{Mazeh1994,
   author = {{Mazeh}, T. and {Zucker}, S.},
    title = "{TODCOR: A two-dimensional correlation technique to analyze stellar spectra in search of faint companions}",
  journal = {\apss},
 keywords = {Binary Stars, Brown Dwarf Stars, Correlation Detection, Extrasolar Planets, Faint Objects, Radial Velocity, Stellar Spectra, Velocity Measurement, Algorithms, Two Dimensional Models},
     year = 1994,
    month = feb,
   volume = 212,
    pages = {349-356},
      doi = {10.1007/BF00984538},
   adsurl = {http://adsabs.harvard.edu/abs/1994Ap%26SS.212..349M},
  adsnote = {Provided by the SAO/NASA Astrophysics Data System}
}


@ARTICLE{Pecaut2013,
   author = {{Pecaut}, M.~J. and {Mamajek}, E.~E.},
    title = "{Intrinsic Colors, Temperatures, and Bolometric Corrections of Pre-main-sequence Stars}",
  journal = {\apjs},
archivePrefix = "arXiv",
   eprint = {1307.2657},
 primaryClass = "astro-ph.SR",
 keywords = {open clusters and associations: individual: {$\eta$} Cha cluster TW Hydra Association {$\beta$} Pic Moving Group Tucana-Horologium Association, stars: fundamental parameters, stars: pre-main sequence},
     year = 2013,
    month = sep,
   volume = 208,
      eid = {9},
    pages = {9},
      doi = {10.1088/0067-0049/208/1/9},
   adsurl = {http://adsabs.harvard.edu/abs/2013ApJS..208....9P},
  adsnote = {Provided by the SAO/NASA Astrophysics Data System}
}


@ARTICLE{Barnes2010b,
   author = {{Barnes}, S.~A.},
    title = "{A Simple Nonlinear Model for the Rotation of Main-sequence Cool Stars. I. Introduction, Implications for Gyrochronology, and Color-Period Diagrams}",
  journal = {\apj},
 keywords = {convection, methods: analytical, open clusters and associations: general, stars: evolution, stars: late-type, stars: rotation},
     year = 2010,
    month = oct,
   volume = 722,
    pages = {222-234},
      doi = {10.1088/0004-637X/722/1/222},
   adsurl = {http://adsabs.harvard.edu/abs/2010ApJ...722..222B},
  adsnote = {Provided by the SAO/NASA Astrophysics Data System}
}

@ARTICLE{Barnes2010a,
   author = {{Barnes}, S.~A. and {Kim}, Y.-C.},
    title = "{Angular Momentum Loss from Cool Stars: An Empirical Expression and Connection to Stellar Activity}",
  journal = {\apj},
archivePrefix = "arXiv",
   eprint = {1104.2350},
 primaryClass = "astro-ph.SR",
 keywords = {convection, open clusters and associations: general, stars: activity, stars: evolution, stars: late-type, stars: rotation},
     year = 2010,
    month = sep,
   volume = 721,
      eid = {675},
    pages = {675-685},
      doi = {10.1088/0004-637X/721/1/675},
   adsurl = {http://adsabs.harvard.edu/abs/2010ApJ...721..675B},
  adsnote = {Provided by the SAO/NASA Astrophysics Data System}
}


@ARTICLE{David2015,
   author = {{David}, T.~J. and {Hillenbrand}, L.~A.},
    title = "{The Ages of Early-Type Stars: Str$\backslash$''omgren Photometric Methods Calibrated, Validated, Tested, and Applied to Hosts and Prospective Hosts of Directly Imaged Exoplanets}",
  journal = {ArXiv e-prints},
archivePrefix = "arXiv",
   eprint = {1501.03154},
 primaryClass = "astro-ph.SR",
 keywords = {Astrophysics - Solar and Stellar Astrophysics},
     year = 2015,
    month = jan,
   adsurl = {http://adsabs.harvard.edu/abs/2015arXiv150103154D},
  adsnote = {Provided by the SAO/NASA Astrophysics Data System}
}

@ARTICLE{CHIRON,
   author = {{Tokovinin}, A. and {Fischer}, D.~A. and {Bonati}, M. and {Giguere}, M.~J. and 
	{Moore}, P. and {Schwab}, C. and {Spronck}, J.~F.~P. and {Szymkowiak}, A.
	},
    title = "{CHIRON - A Fiber Fed Spectrometer for Precise Radial Velocities}",
  journal = {\pasp},
archivePrefix = "arXiv",
   eprint = {1309.3971},
 primaryClass = "astro-ph.IM",
 keywords = {Astronomical Instrumentation},
     year = 2013,
    month = nov,
   volume = 125,
    pages = {1336-1347},
      doi = {10.1086/674012},
   adsurl = {http://adsabs.harvard.edu/abs/2013PASP..125.1336T},
  adsnote = {Provided by the SAO/NASA Astrophysics Data System}
}

@ARTICLE{TS23,
   author = {{Tull}, R.~G. and {MacQueen}, P.~J. and {Sneden}, C. and {Lambert}, D.~L.
	},
    title = "{The high-resolution cross-dispersed echelle white-pupil spectrometer of the McDonald Observatory 2.7-m telescope}",
  journal = {\pasp},
 keywords = {Broadband, Design Analysis, Echelle Gratings, High Resolution, Performance Tests, Spectrometers, Telescopes, Efficiency, Engineering Drawings, Optical Equipment, Schmidt Cameras},
     year = 1995,
    month = mar,
   volume = 107,
    pages = {251-264},
      doi = {10.1086/133548},
   adsurl = {http://adsabs.harvard.edu/abs/1995PASP..107..251T},
  adsnote = {Provided by the SAO/NASA Astrophysics Data System}
}

@INPROCEEDINGS{HRS,
   author = {{Tull}, R.~G.},
    title = "{High-resolution fiber-coupled spectrograph of the Hobby-Eberly Telescope}",
booktitle = {Optical Astronomical Instrumentation},
     year = 1998,
   series = {Society of Photo-Optical Instrumentation Engineers (SPIE) Conference Series},
   volume = 3355,
   editor = {{D'Odorico}, S.},
    month = jul,
    pages = {387-398},
   adsurl = {http://adsabs.harvard.edu/abs/1998SPIE.3355..387T},
  adsnote = {Provided by the SAO/NASA Astrophysics Data System}
}

@INPROCEEDINGS{IGRINS,
   author = {{Park}, C. and {Jaffe}, D.~T. and {Yuk}, I.-S. and {Chun}, M.-Y. and 
	{Pak}, S. and {Kim}, K.-M. and {Pavel}, M. and {Lee}, H. and 
	{Oh}, H. and {Jeong}, U. and {Sim}, C.~K. and {Lee}, H.-I. and 
	{Nguyen Le}, H.~A. and {Strubhar}, J. and {Gully-Santiago}, M. and 
	{Oh}, J.~S. and {Cha}, S.-M. and {Moon}, B. and {Park}, K. and 
	{Brooks}, C. and {Ko}, K. and {Han}, J.-Y. and {Nah}, J. and 
	{Hill}, P.~C. and {Lee}, S. and {Barnes}, S. and {Yu}, Y.~S. and 
	{Kaplan}, K. and {Mace}, G. and {Kim}, H. and {Lee}, J.-J. and 
	{Hwang}, N. and {Park}, B.-G.},
    title = "{Design and early performance of IGRINS (Immersion Grating Infrared Spectrometer)}",
booktitle = {Society of Photo-Optical Instrumentation Engineers (SPIE) Conference Series},
     year = 2014,
   series = {Society of Photo-Optical Instrumentation Engineers (SPIE) Conference Series},
   volume = 9147,
    month = jul,
      eid = {91471D},
    pages = {1},
      doi = {10.1117/12.2056431},
   adsurl = {http://adsabs.harvard.edu/abs/2014SPIE.9147E..1DP},
  adsnote = {Provided by the SAO/NASA Astrophysics Data System}
}

@misc{IGRINS_plp_v2,
  author       = {Jae-Joon Lee},
  title        = {plp: Version 2.0},
  month        = jun,
  year         = 2015,
  doi          = {10.5281/zenodo.18579},
  url          = {http://dx.doi.org/10.5281/zenodo.18579}
}


@ARTICLE{IGRINS_plp,
   author = {{Sim}, C.~K. and {Le}, H.~A.~N. and {Pak}, S. and {Lee}, H.-I. and 
	{Kang}, W. and {Chun}, M.-Y. and {Jeong}, U. and {Yuk}, I.-S. and 
	{Kim}, K.-M. and {Park}, C. and {Pavel}, M.~D. and {Jaffe}, D.~T.
	},
    title = "{Comprehensive data reduction package for the Immersion GRating INfrared Spectrograph: IGRINS}",
  journal = {Advances in Space Research},
     year = 2014,
    month = jun,
   volume = 53,
    pages = {1647-1656},
      doi = {10.1016/j.asr.2014.02.024},
   adsurl = {http://adsabs.harvard.edu/abs/2014AdSpR..53.1647S},
  adsnote = {Provided by the SAO/NASA Astrophysics Data System}
}


@ARTICLE{emcee,
   author = {{Foreman-Mackey}, D. and {Hogg}, D.~W. and {Lang}, D. and {Goodman}, J.
	},
    title = "{emcee: The MCMC Hammer}",
  journal = {\pasp},
archivePrefix = "arXiv",
   eprint = {1202.3665},
 primaryClass = "astro-ph.IM",
 keywords = {Data Analysis and Techniques},
     year = 2013,
    month = mar,
   volume = 125,
    pages = {306-312},
      doi = {10.1086/670067},
   adsurl = {http://adsabs.harvard.edu/abs/2013PASP..125..306F},
  adsnote = {Provided by the SAO/NASA Astrophysics Data System}
}


@article{scikit-learn,
 title={Scikit-learn: Machine Learning in {P}ython},
 author={Pedregosa, F. and Varoquaux, G. and Gramfort, A. and Michel, V.
         and Thirion, B. and Grisel, O. and Blondel, M. and Prettenhofer, P.
         and Weiss, R. and Dubourg, V. and Vanderplas, J. and Passos, A. and
         Cournapeau, D. and Brucher, M. and Perrot, M. and Duchesnay, E.},
 journal={Journal of Machine Learning Research},
 volume={12},
 pages={2825--2830},
 year={2011}
}

@ARTICLE{Horne1986,
   author = {{Horne}, K.},
    title = "{An optimal extraction algorithm for CCD spectroscopy}",
  journal = {\pasp},
 keywords = {Astronomical Spectroscopy, Charge Coupled Devices, Data Reduction, Spectrum Analysis, Image Processing, Iteration, Optimization, Spatial Resolution, Stellar Spectra, Variance (Statistics)},
     year = 1986,
    month = jun,
   volume = 98,
    pages = {609-617},
      doi = {10.1086/131801},
   adsurl = {http://adsabs.harvard.edu/abs/1986PASP...98..609H},
  adsnote = {Provided by the SAO/NASA Astrophysics Data System}
}


@ARTICLE{Rizzuto2011,
   author = {{Rizzuto}, A.~C. and {Ireland}, M.~J. and {Robertson}, J.~G.
	},
    title = "{Multidimensional Bayesian membership analysis of the Sco OB2 moving group}",
  journal = {\mnras},
archivePrefix = "arXiv",
   eprint = {1106.2857},
 primaryClass = "astro-ph.SR",
 keywords = {methods: statistical, stars: early-type, stars: kinematics and dynamics, open clusters and associations: individual: Sco-Cen},
     year = 2011,
    month = oct,
   volume = 416,
    pages = {3108-3117},
      doi = {10.1111/j.1365-2966.2011.19256.x},
   adsurl = {http://adsabs.harvard.edu/abs/2011MNRAS.416.3108R},
  adsnote = {Provided by the SAO/NASA Astrophysics Data System}
}


@ARTICLE{Woolf2005,
   author = {{Woolf}, V.~M. and {Wallerstein}, G.},
    title = "{Metallicity measurements using atomic lines in M and K dwarf stars}",
  journal = {\mnras},
   eprint = {astro-ph/0410452},
 keywords = {stars: abundances, stars: late-type, subdwarfs},
     year = 2005,
    month = jan,
   volume = 356,
    pages = {963-968},
      doi = {10.1111/j.1365-2966.2004.08515.x},
   adsurl = {http://adsabs.harvard.edu/abs/2005MNRAS.356..963W},
  adsnote = {Provided by the SAO/NASA Astrophysics Data System}
}

@ARTICLE{Sousa2008,
   author = {{Sousa}, S.~G. and {Santos}, N.~C. and {Mayor}, M. and {Udry}, S. and 
	{Casagrande}, L. and {Israelian}, G. and {Pepe}, F. and {Queloz}, D. and 
	{Monteiro}, M.~J.~P.~F.~G.},
    title = "{Spectroscopic parameters for 451 stars in the HARPS GTO planet search program. Stellar [Fe/H] and the frequency of exo-Neptunes}",
  journal = {\aap},
archivePrefix = "arXiv",
   eprint = {0805.4826},
 keywords = {methods: data analysis, techniques: spectroscopic, stars: fundamental parameters, stars: planetary systems, stars: planetary systems: formation, Galaxy: solar neighborhood},
     year = 2008,
    month = aug,
   volume = 487,
    pages = {373-381},
      doi = {10.1051/0004-6361:200809698},
   adsurl = {http://adsabs.harvard.edu/abs/2008A%26A...487..373S},
  adsnote = {Provided by the SAO/NASA Astrophysics Data System}
}

@ARTICLE{Boyajian2013,
   author = {{Boyajian}, T.~S. and {von Braun}, K. and {van Belle}, G. and 
	{Farrington}, C. and {Schaefer}, G. and {Jones}, J. and {White}, R. and 
	{McAlister}, H.~A. and {ten Brummelaar}, T.~A. and {Ridgway}, S. and 
	{Gies}, D. and {Sturmann}, L. and {Sturmann}, J. and {Turner}, N.~H. and 
	{Goldfinger}, P.~J. and {Vargas}, N.},
    title = "{Stellar Diameters and Temperatures. III. Main-sequence A, F, G, and K Stars: Additional High-precision Measurements and Empirical Relations}",
  journal = {\apj},
archivePrefix = "arXiv",
   eprint = {1306.2974},
 primaryClass = "astro-ph.SR",
 keywords = {Hertzsprung-Russell and C-M diagrams, infrared: stars, planetary systems, stars: atmospheres, stars: fundamental parameters, stars: general, stars: solar-type, techniques: high angular resolution, techniques: interferometric},
     year = 2013,
    month = jul,
   volume = 771,
      eid = {40},
    pages = {40},
      doi = {10.1088/0004-637X/771/1/40},
   adsurl = {http://adsabs.harvard.edu/abs/2013ApJ...771...40B},
  adsnote = {Provided by the SAO/NASA Astrophysics Data System}
}

@ARTICLE{Alonso1996,
   author = {{Alonso}, A. and {Arribas}, S. and {Martinez-Roger}, C.},
    title = "{Determination of effective temperatures for an extended sample of dwarfs and subdwarfs (F0-K5).}",
  journal = {\aaps},
 keywords = {STARS: FUNDAMENTAL PARAMETERS, STARS: POPULATION II, STARS: SUBDWARFS, STARS: GENERAL},
     year = 1996,
    month = jun,
   volume = 117,
    pages = {227-254},
   adsurl = {http://adsabs.harvard.edu/abs/1996A%26AS..117..227A},
  adsnote = {Provided by the SAO/NASA Astrophysics Data System}
}


@ARTICLE{Valenti2005,
   author = {{Valenti}, J.~A. and {Fischer}, D.~A.},
    title = "{Spectroscopic Properties of Cool Stars (SPOCS). I. 1040 F, G, and K Dwarfs from Keck, Lick, and AAT Planet Search Programs}",
  journal = {\apjs},
 keywords = {Catalogs, Stars: Abundances, Stars: Fundamental Parameters, Stars: Late-Type, Techniques: Spectroscopic},
     year = 2005,
    month = jul,
   volume = 159,
    pages = {141-166},
      doi = {10.1086/430500},
   adsurl = {http://adsabs.harvard.edu/abs/2005ApJS..159..141V},
  adsnote = {Provided by the SAO/NASA Astrophysics Data System}
}


@ARTICLE{Neves2014,
   author = {{Neves}, V. and {Bonfils}, X. and {Santos}, N.~C. and {Delfosse}, X. and 
	{Forveille}, T. and {Allard}, F. and {Udry}, S.},
    title = "{Metallicity of M dwarfs. IV. A high-precision [Fe/H] and T$_{eff}$ technique from high-resolution optical spectra for M dwarfs}",
  journal = {\aap},
archivePrefix = "arXiv",
   eprint = {1406.6127},
 primaryClass = "astro-ph.SR",
 keywords = {stars: atmospheres, stars: fundamental parameters, stars: late-type, stars: low-mass, methods: data analysis},
     year = 2014,
    month = aug,
   volume = 568,
      eid = {A121},
    pages = {A121},
      doi = {10.1051/0004-6361/201424139},
   adsurl = {http://adsabs.harvard.edu/abs/2014A%26A...568A.121N},
  adsnote = {Provided by the SAO/NASA Astrophysics Data System}
}


@ARTICLE{Mann2015,
   author = {{Mann}, A.~W. and {Feiden}, G.~A. and {Gaidos}, E. and {Boyajian}, T. and 
	{von Braun}, K.},
    title = "{How to Constrain Your M Dwarf: measuring effective temperature, bolometric luminosity, mass, and radius}",
  journal = {ArXiv e-prints},
archivePrefix = "arXiv",
   eprint = {1501.01635},
 primaryClass = "astro-ph.SR",
 keywords = {Astrophysics - Solar and Stellar Astrophysics},
     year = 2015,
    month = jan,
   adsurl = {http://adsabs.harvard.edu/abs/2015arXiv150101635M},
  adsnote = {Provided by the SAO/NASA Astrophysics Data System}
}


@ARTICLE{Casagrande2011,
   author = {{Casagrande}, L. and {Sch{\"o}nrich}, R. and {Asplund}, M. and 
	{Cassisi}, S. and {Ram{\'{\i}}rez}, I. and {Mel{\'e}ndez}, J. and 
	{Bensby}, T. and {Feltzing}, S.},
    title = "{New constraints on the chemical evolution of the solar neighbourhood and Galactic disc(s). Improved astrophysical parameters for the Geneva-Copenhagen Survey}",
  journal = {\aap},
archivePrefix = "arXiv",
   eprint = {1103.4651},
 primaryClass = "astro-ph.GA",
 keywords = {stars: abundances, stars: fundamental parameters, Hertzsprung-Russell and C-M diagrams, stars: kinematics and dynamics, Galaxy: disk, solar neighborhood},
     year = 2011,
    month = jun,
   volume = 530,
      eid = {A138},
    pages = {A138},
      doi = {10.1051/0004-6361/201016276},
   adsurl = {http://adsabs.harvard.edu/abs/2011A%26A...530A.138C},
  adsnote = {Provided by the SAO/NASA Astrophysics Data System}
}


@ARTICLE{Ramirez2005,
   author = {{Ram{\'{\i}}rez}, I. and {Mel{\'e}ndez}, J.},
    title = "{The Effective Temperature Scale of FGK Stars. I. Determination of Temperatures and Angular Diameters with the Infrared Flux Method}",
  journal = {\apj},
   eprint = {astro-ph/0503108},
 keywords = {Infrared: Stars, Stars: Atmospheres, Stars: Fundamental Parameters},
     year = 2005,
    month = jun,
   volume = 626,
    pages = {446-464},
      doi = {10.1086/430101},
   adsurl = {http://adsabs.harvard.edu/abs/2005ApJ...626..446R},
  adsnote = {Provided by the SAO/NASA Astrophysics Data System}
}


@ARTICLE{Casagrande2008,
   author = {{Casagrande}, L. and {Flynn}, C. and {Bessell}, M.},
    title = "{M dwarfs: effective temperatures, radii and metallicities}",
  journal = {\mnras},
archivePrefix = "arXiv",
   eprint = {0806.2471},
 keywords = {stars: abundances , stars: atmospheres , stars: fundamental parameters , Hertzsprung-Russell (HR) diagram , stars: low-mass, brown dwarf , infrared: stars},
     year = 2008,
    month = sep,
   volume = 389,
    pages = {585-607},
      doi = {10.1111/j.1365-2966.2008.13573.x},
   adsurl = {http://adsabs.harvard.edu/abs/2008MNRAS.389..585C},
  adsnote = {Provided by the SAO/NASA Astrophysics Data System}
}


@ARTICLE{Mishenina2012,
   author = {{Mishenina}, T.~V. and {Soubiran}, C. and {Kovtyukh}, V.~V. and 
	{Katsova}, M.~M. and {Livshits}, M.~A.},
    title = "{Activity and the Li abundances in the FGK dwarfs{\star}}",
  journal = {\aap},
archivePrefix = "arXiv",
   eprint = {1210.6843},
 primaryClass = "astro-ph.SR",
 keywords = {stars: abundances, stars: activity, stars: late-type, stars: fundamental parameters, stars: rotation},
     year = 2012,
    month = nov,
   volume = 547,
      eid = {A106},
    pages = {A106},
      doi = {10.1051/0004-6361/201118412},
   adsurl = {http://adsabs.harvard.edu/abs/2012A%26A...547A.106M},
  adsnote = {Provided by the SAO/NASA Astrophysics Data System}
}


@ARTICLE{Casagrande2010,
   author = {{Casagrande}, L. and {Ram{\'{\i}}rez}, I. and {Mel{\'e}ndez}, J. and 
	{Bessell}, M. and {Asplund}, M.},
    title = "{An absolutely calibrated T$_{eff}$ scale from the infrared flux method. Dwarfs and subgiants}",
  journal = {\aap},
archivePrefix = "arXiv",
   eprint = {1001.3142},
 primaryClass = "astro-ph.SR",
 keywords = {stars: fundamental parameters, stars: abundances, stars: atmospheres, infrared: stars, techniques: photometric},
     year = 2010,
    month = mar,
   volume = 512,
      eid = {A54},
    pages = {A54},
      doi = {10.1051/0004-6361/200913204},
   adsurl = {http://adsabs.harvard.edu/abs/2010A%26A...512A..54C},
  adsnote = {Provided by the SAO/NASA Astrophysics Data System}
}


@ARTICLE{Boyajian2012,
   author = {{Boyajian}, T.~S. and {von Braun}, K. and {van Belle}, G. and 
	{McAlister}, H.~A. and {ten Brummelaar}, T.~A. and {Kane}, S.~R. and 
	{Muirhead}, P.~S. and {Jones}, J. and {White}, R. and {Schaefer}, G. and 
	{Ciardi}, D. and {Henry}, T. and {L{\'o}pez-Morales}, M. and 
	{Ridgway}, S. and {Gies}, D. and {Jao}, W.-C. and {Rojas-Ayala}, B. and 
	{Parks}, J.~R. and {Sturmann}, L. and {Sturmann}, J. and {Turner}, N.~H. and 
	{Farrington}, C. and {Goldfinger}, P.~J. and {Berger}, D.~H.
	},
    title = "{Stellar Diameters and Temperatures. II. Main-sequence K- and M-stars}",
  journal = {\apj},
archivePrefix = "arXiv",
   eprint = {1208.2431},
 primaryClass = "astro-ph.SR",
 keywords = {Hertzsprung-Russell and C-M diagrams, infrared: stars, planetary systems, stars: atmospheres, stars: fundamental parameters, stars: general, stars: late-type, stars: low-mass, techniques: high angular resolution, techniques: interferometric},
     year = 2012,
    month = oct,
   volume = 757,
      eid = {112},
    pages = {112},
      doi = {10.1088/0004-637X/757/2/112},
   adsurl = {http://adsabs.harvard.edu/abs/2012ApJ...757..112B},
  adsnote = {Provided by the SAO/NASA Astrophysics Data System}
}


@ARTICLE{Zboril1998,
   author = {{Zboril}, M. and {Byrne}, P.~B.},
    title = "{Metallicity and photospheric abundances in field K and M dwarfs}",
  journal = {\mnras},
 keywords = {STARS: ABUNDANCES, STARS: ACTIVITY, STARS: CHROMOSPHERES, STARS: FUNDAMENTAL PARAMETERS, STARS: LATE-TYPE},
     year = 1998,
    month = sep,
   volume = 299,
    pages = {753-758},
      doi = {10.1046/j.1365-8711.1998.01793.x},
   adsurl = {http://adsabs.harvard.edu/abs/1998MNRAS.299..753Z},
  adsnote = {Provided by the SAO/NASA Astrophysics Data System}
}


@ARTICLE{Hill1971,
   author = {{Hill}, G. and {Barnes}, J.~V. and {Hutchings}, J.~B. and {Pearce}, J.~A.
	},
    title = "{A Spectroscopic Study of Algol}",
  journal = {\apj},
     year = 1971,
    month = sep,
   volume = 168,
    pages = {443},
      doi = {10.1086/151100},
   adsurl = {http://adsabs.harvard.edu/abs/1971ApJ...168..443H},
  adsnote = {Provided by the SAO/NASA Astrophysics Data System}
}


@ARTICLE{Lloyd1981,
   author = {{Lloyd}, C.},
    title = "{The eccentric, asynchronously rotating, close binary 55 Ursae Majoris}",
  journal = {\mnras},
 keywords = {Binary Stars, Main Sequence Stars, Orbit Calculation, Stellar Motions, Stellar Rotation, A Stars, Angular Velocity, Eccentric Orbits, Orbital Elements},
     year = 1981,
    month = jun,
   volume = 195,
    pages = {805-810},
   adsurl = {http://adsabs.harvard.edu/abs/1981MNRAS.195..805L},
  adsnote = {Provided by the SAO/NASA Astrophysics Data System}
}

@ARTICLE{Rucinski2005,
   author = {{Rucinski}, S.~M. and {Pych}, W. and {Og{\l}oza}, W. and {DeBond}, H. and 
	{Thomson}, J.~R. and {Mochnacki}, S.~W. and {Capobianco}, C.~C. and 
	{Conidis}, G. and {Rogoziecki}, P.},
    title = "{Radial Velocity Studies of Close Binary Stars. X.}",
  journal = {\aj},
   eprint = {astro-ph/0503041},
 keywords = {Stars: Binaries: Close, Stars: Binaries: Eclipsing, Stars: Variables: Other},
     year = 2005,
    month = aug,
   volume = 130,
    pages = {767-775},
      doi = {10.1086/431226},
   adsurl = {http://adsabs.harvard.edu/abs/2005AJ....130..767R},
  adsnote = {Provided by the SAO/NASA Astrophysics Data System}
}


@ARTICLE{Abt1978,
   author = {{Abt}, H.~A. and {Levy}, S.~G.},
    title = "{Binaries among B2-B5 IV, V absorption and emission stars}",
  journal = {\apjs},
 keywords = {B Stars, Binary Stars, Orbital Elements, Stellar Luminosity, Stellar Spectra, Tables (Data), Absorption Spectra, Angular Momentum, Apsides, Early Stars, Emission Spectra, Line Spectra, Protostars, Radial Velocity, Stellar Motions, Stellar Rotation, Wavelengths},
     year = 1978,
    month = feb,
   volume = 36,
    pages = {241-258},
      doi = {10.1086/190498},
   adsurl = {http://adsabs.harvard.edu/abs/1978ApJS...36..241A},
  adsnote = {Provided by the SAO/NASA Astrophysics Data System}
}


@ARTICLE{Morrell1992,
   author = {{Morrell}, N. and {Abt}, H.~A.},
    title = "{Spectroscopic binaries in the Alpha Persei cluster}",
  journal = {\apj},
 keywords = {Binary Stars, Open Clusters, Orion Nebula, Pleiades Cluster, Stellar Rotation, Stellar Spectra, Interstellar Matter, Radial Velocity, Stellar Mass},
     year = 1992,
    month = jul,
   volume = 393,
    pages = {666-673},
      doi = {10.1086/171534},
   adsurl = {http://adsabs.harvard.edu/abs/1992ApJ...393..666M},
  adsnote = {Provided by the SAO/NASA Astrophysics Data System}
}


@ARTICLE{Abt1990,
   author = {{Abt}, H.~A. and {Gomez}, A.~E. and {Levy}, S.~G.},
    title = "{The frequency and formation mechanism of B2-B5 main-sequence binaries}",
  journal = {\apjs},
 keywords = {B Stars, Binary Stars, Main Sequence Stars, Star Formation, Stellar Mass, Stellar Orbits, Stellar Spectra},
     year = 1990,
    month = oct,
   volume = 74,
    pages = {551-573},
      doi = {10.1086/191508},
   adsurl = {http://adsabs.harvard.edu/abs/1990ApJS...74..551A},
  adsnote = {Provided by the SAO/NASA Astrophysics Data System}
}


@ARTICLE{Fekel1982,
   author = {{Fekel}, Jr., F.~C. and {Tomkin}, J.},
    title = "{Secondaries of eclipsing binaries. IV - The triple system Lambda Tauri}",
  journal = {\apj},
 keywords = {Eclipsing Binary Stars, Orbit Calculation, Orbital Elements, Radial Velocity, Stellar Motions, Dwarf Stars, K Stars, Stellar Mass, Stellar Spectra, Three Body Problem},
     year = 1982,
    month = dec,
   volume = 263,
    pages = {289-301},
      doi = {10.1086/160503},
   adsurl = {http://adsabs.harvard.edu/abs/1982ApJ...263..289F},
  adsnote = {Provided by the SAO/NASA Astrophysics Data System}
}


@ARTICLE{Lucy1971,
   author = {{Lucy}, L.~B. and {Sweeney}, M.~A.},
    title = "{Spectroscopic binaries with circular orbits.}",
  journal = {\aj},
     year = 1971,
    month = aug,
   volume = 76,
    pages = {544-556},
      doi = {10.1086/111159},
   adsurl = {http://adsabs.harvard.edu/abs/1971AJ.....76..544L},
  adsnote = {Provided by the SAO/NASA Astrophysics Data System}
}

@ARTICLE{Pogo1928,
   author = {{Pogo}, A.},
    title = "{The spectrographic triple system 28 eta Orionis A'A''-D.}",
  journal = {\apj},
     year = 1928,
    month = nov,
   volume = 68,
    pages = {309-318},
      doi = {10.1086/143144},
   adsurl = {http://adsabs.harvard.edu/abs/1928ApJ....68..309P},
  adsnote = {Provided by the SAO/NASA Astrophysics Data System}
}


@ARTICLE{Duerbeck1975,
   author = {{Duerbeck}, H.~W.},
    title = "{The eclipsing binary system VV Orionis.}",
  journal = {\aaps},
     year = 1975,
    month = oct,
   volume = 22,
    pages = {19-47},
   adsurl = {http://adsabs.harvard.edu/abs/1975A%26AS...22...19D},
  adsnote = {Provided by the SAO/NASA Astrophysics Data System}
}


@ARTICLE{Abt1965,
   author = {{Abt}, H.~A.},
    title = "{The Frequency of Binaries among Normal A-Type Stars.}",
  journal = {\apjs},
     year = 1965,
    month = jun,
   volume = 11,
    pages = {429},
      doi = {10.1086/190120},
   adsurl = {http://adsabs.harvard.edu/abs/1965ApJS...11..429A},
  adsnote = {Provided by the SAO/NASA Astrophysics Data System}
}


@ARTICLE{Scarfe2000,
   author = {{Scarfe}, C.~D. and {Barlow}, D.~J. and {Fekel}, F.~C.},
    title = "{64 Orionis: Three-Dimensional Orbit and Physical Parameters}",
  journal = {\aj},
 keywords = {STARS: BINARIES: GENERAL, STARS: EARLY-TYPE, STARS: INDIVIDUAL (64 ORIONIS)},
     year = 2000,
    month = may,
   volume = 119,
    pages = {2415-2421},
      doi = {10.1086/301366},
   adsurl = {http://adsabs.harvard.edu/abs/2000AJ....119.2415S},
  adsnote = {Provided by the SAO/NASA Astrophysics Data System}
}

@ARTICLE{Tomkin1986,
   author = {{Tomkin}, J. and {Popper}, D.~M.},
    title = "{Rediscussion of eclipsing binaries. XV - Alpha Coronae Borealis, a main-sequence system with components of types A and G}",
  journal = {\aj},
 keywords = {Eclipsing Binary Stars, G Stars, Main Sequence Stars, Stellar Spectra, Astronomical Photometry, Radial Velocity, Stellar Mass},
     year = 1986,
    month = jun,
   volume = 91,
    pages = {1428-1437},
      doi = {10.1086/114121},
   adsurl = {http://adsabs.harvard.edu/abs/1986AJ.....91.1428T},
  adsnote = {Provided by the SAO/NASA Astrophysics Data System}
}


@ARTICLE{Levato1987,
   author = {{Levato}, H. and {Malaroda}, S. and {Morrell}, N. and {Solivella}, G.
	},
    title = "{Stellar multiplicity in the Scorpius-Centaurus association}",
  journal = {\apjs},
 keywords = {Binary Stars, Radial Velocity, Star Clusters, Star Distribution, Centaurus Constellation, Orbital Mechanics, Scorpius Constellation, Stellar Rotation},
     year = 1987,
    month = jun,
   volume = 64,
    pages = {487-503},
      doi = {10.1086/191204},
   adsurl = {http://adsabs.harvard.edu/abs/1987ApJS...64..487L},
  adsnote = {Provided by the SAO/NASA Astrophysics Data System}
}


@ARTICLE{Richardson1957,
   author = {{Richardson}, E.~H. and {McKellar}, A.},
    title = "{Redetermination of the spectrographic orbit of delta1 Lyrae.}",
  journal = {Publications of the Dominion Astrophysical Observatory Victoria},
     year = 1957,
   volume = 10,
    pages = {407-413},
   adsurl = {http://adsabs.harvard.edu/abs/1957PDAO...10..407R},
  adsnote = {Provided by the SAO/NASA Astrophysics Data System}
}


@ARTICLE{Hube1973,
   author = {{Hube}, D.~P.},
    title = "{The Spectrographic Orbit of H.D. 193964}",
  journal = {\jrasc},
     year = 1973,
    month = aug,
   volume = 67,
    pages = {161},
   adsurl = {http://adsabs.harvard.edu/abs/1973JRASC..67..161H},
  adsnote = {Provided by the SAO/NASA Astrophysics Data System}
}

@ARTICLE{Leone1999,
   author = {{Leone}, F. and {Catanzaro}, G.},
    title = "{Orbital elements of binary systems with a chemically peculiar star}",
  journal = {\aap},
 keywords = {STARS: INDIVIDUAL: HD 36485, STARS: CHEMICALLY PECULIAR, STARS: BINARIES: SPECTROSCOPIC},
     year = 1999,
    month = mar,
   volume = 343,
    pages = {273-280},
   adsurl = {http://adsabs.harvard.edu/abs/1999A%26A...343..273L},
  adsnote = {Provided by the SAO/NASA Astrophysics Data System}
}



@ARTICLE{McAlister1989,
   author = {{McAlister}, H.~A. and {Hartkopf}, W.~I. and {Sowell}, J.~R. and 
	{Dombrowski}, E.~G. and {Franz}, O.~G.},
    title = "{ICCD speckle observations of binary stars. IV - Measurements during 1986-1988 from the Kitt Peak 4 M telescope}",
  journal = {\aj},
 keywords = {Binary Stars, Speckle Interferometry, Stellar Spectrophotometry, Astronomical Catalogs, Charge Coupled Devices, Shell Stars},
     year = 1989,
    month = feb,
   volume = 97,
    pages = {510-531},
      doi = {10.1086/115001},
   adsurl = {http://adsabs.harvard.edu/abs/1989AJ.....97..510M},
  adsnote = {Provided by the SAO/NASA Astrophysics Data System}
}


@ARTICLE{Roberts2007,
   author = {{Roberts}, Jr., L.~C. and {Turner}, N.~H. and {ten Brummelaar}, T.~A.
	},
    title = "{Adaptive Optics Photometry and Astrometry of Binary Stars. II. A Multiplicity Survey of B Stars}",
  journal = {\aj},
 keywords = {astrometry, binaries: close, binaries: visual, instrumentation: adaptive optics, techniques: photometric},
     year = 2007,
    month = feb,
   volume = 133,
    pages = {545-552},
      doi = {10.1086/510335},
   adsurl = {http://adsabs.harvard.edu/abs/2007AJ....133..545R},
  adsnote = {Provided by the SAO/NASA Astrophysics Data System}
}

@ARTICLE{Hipparchos,
   author = {{ESA}},
    title = "{VizieR Online Data Catalog: The Hipparcos and Tycho Catalogues (ESA 1997)}",
  journal = {VizieR Online Data Catalog},
 keywords = {Positional data, Proper motions, Parallaxes: trigonometric, Photometry, Fundamental catalog, Stars: double and multiple},
     year = 1997,
    month = feb,
   volume = 1239,
    pages = {0},
   adsurl = {http://adsabs.harvard.edu/abs/1997yCat.1239....0E},
  adsnote = {Provided by the SAO/NASA Astrophysics Data System}
}

@ARTICLE{Mamajek2010,
   author = {{Mamajek}, E.~E. and {Kenworthy}, M.~A. and {Hinz}, P.~M. and 
	{Meyer}, M.~R.},
    title = "{Discovery of a Faint Companion to Alcor Using MMT/AO 5 {$\mu$}m Imaging}",
  journal = {\aj},
archivePrefix = "arXiv",
   eprint = {0911.5028},
 primaryClass = "astro-ph.SR",
 keywords = {binaries: close, binaries: general, binaries: visual, open clusters and associations: individual: Ursa Major, stars: individual: Alcor Mizar},
     year = 2010,
    month = mar,
   volume = 139,
      eid = {919},
    pages = {919-925},
      doi = {10.1088/0004-6256/139/3/919},
   adsurl = {http://adsabs.harvard.edu/abs/2010AJ....139..919M},
  adsnote = {Provided by the SAO/NASA Astrophysics Data System}
}

@ARTICLE{Drummond2014,
   author = {{Drummond}, J.~D.},
    title = "{Binary Stars Observed with Adaptive Optics at the Starfire Optical Range}",
  journal = {\aj},
 keywords = {binaries: close, binaries: general, binaries: visual, instrumentation: adaptive optics},
     year = 2014,
    month = mar,
   volume = 147,
      eid = {65},
    pages = {65},
      doi = {10.1088/0004-6256/147/3/65},
   adsurl = {http://adsabs.harvard.edu/abs/2014AJ....147...65D},
  adsnote = {Provided by the SAO/NASA Astrophysics Data System}
}


@ARTICLE{Shatsky2002,
   author = {{Shatsky}, N. and {Tokovinin}, A.},
    title = "{The mass ratio distribution of B-type visual binaries in the Sco OB2 association}",
  journal = {\aap},
   eprint = {astro-ph/0109456},
 keywords = {BINARIES: VISUAL, STARS: STATISTICS, FORMATION},
     year = 2002,
    month = jan,
   volume = 382,
    pages = {92-103},
      doi = {10.1051/0004-6361:20011542},
   adsurl = {http://adsabs.harvard.edu/abs/2002A%26A...382...92S},
  adsnote = {Provided by the SAO/NASA Astrophysics Data System}
}


@ARTICLE{Tokovinin2010,
   author = {{Tokovinin}, A. and {Mason}, B.~D. and {Hartkopf}, W.~I.},
    title = "{Speckle Interferometry at the Blanco and SOAR Telescopes in 2008 and 2009}",
  journal = {\aj},
archivePrefix = "arXiv",
   eprint = {0911.5718},
 primaryClass = "astro-ph.SR",
 keywords = {binaries: general},
     year = 2010,
    month = feb,
   volume = 139,
    pages = {743-756},
      doi = {10.1088/0004-6256/139/2/743},
   adsurl = {http://adsabs.harvard.edu/abs/2010AJ....139..743T},
  adsnote = {Provided by the SAO/NASA Astrophysics Data System}
}


@ARTICLE{McAlister1987,
   author = {{McAlister}, H.~A. and {Hartkopf}, W.~I. and {Hutter}, D.~J. and 
	{Shara}, M.~M. and {Franz}, O.~G.},
    title = "{ICCD speckle observations of binary stars. I - A survey for duplicity among the bright stars}",
  journal = {\aj},
 keywords = {Astronomical Catalogs, Charge Coupled Devices, Eclipsing Binary Stars, Hubble Space Telescope, Speckle Interferometry, Stellar Magnitude, Radial Velocity, Spectroscopic Telescopes},
     year = 1987,
    month = jan,
   volume = 93,
    pages = {183-194},
      doi = {10.1086/114297},
   adsurl = {http://adsabs.harvard.edu/abs/1987AJ.....93..183M},
  adsnote = {Provided by the SAO/NASA Astrophysics Data System}
}

@ARTICLE{Horch2010,
   author = {{Horch}, E.~P. and {Falta}, D. and {Anderson}, L.~M. and {DeSousa}, M.~D. and 
	{Miniter}, C.~M. and {Ahmed}, T. and {van Altena}, W.~F.},
    title = "{CCD Speckle Observations of Binary Stars with the WIYN Telescope. VI. Measures During 2007-2008}",
  journal = {\aj},
 keywords = {binaries: visual, techniques: high angular resolution, techniques: interferometric, techniques: photometric},
     year = 2010,
    month = jan,
   volume = 139,
    pages = {205-215},
      doi = {10.1088/0004-6256/139/1/205},
   adsurl = {http://adsabs.harvard.edu/abs/2010AJ....139..205H},
  adsnote = {Provided by the SAO/NASA Astrophysics Data System}
}

@ARTICLE{Horch2008,
   author = {{Horch}, E.~P. and {van Altena}, W.~F. and {Cyr}, Jr., W.~M. and 
	{Kinsman-Smith}, L. and {Srivastava}, A. and {Zhou}, J.},
    title = "{Charge-Coupled Device Speckle Observations of Binary Stars with the WIYN Telescope. V. Measures During 2001-2006}",
  journal = {\aj},
 keywords = {astrometry, binaries: visual, techniques: interferometric, techniques: photometric},
     year = 2008,
    month = jul,
   volume = 136,
      eid = {312},
    pages = {312-322},
      doi = {10.1088/0004-6256/136/1/312},
   adsurl = {http://adsabs.harvard.edu/abs/2008AJ....136..312H},
  adsnote = {Provided by the SAO/NASA Astrophysics Data System}
}


@ARTICLE{Horch2001,
   author = {{Horch}, E. and {Ninkov}, Z. and {Franz}, O.~G.},
    title = "{CCD Speckle Observations of Binary Stars from the Southern Hemisphere. III. Differential Photometry}",
  journal = {\aj},
 keywords = {Stars: Binaries: Close, Stars: Binaries: Visual, Techniques: Interferometric, Techniques: Photometric},
     year = 2001,
    month = mar,
   volume = 121,
    pages = {1583-1596},
      doi = {10.1086/319423},
   adsurl = {http://adsabs.harvard.edu/abs/2001AJ....121.1583H},
  adsnote = {Provided by the SAO/NASA Astrophysics Data System}
}

@ARTICLE{DeRosa2012,
   author = {{De Rosa}, R.~J. and {Patience}, J. and {Vigan}, A. and {Wilson}, P.~A. and 
	{Schneider}, A. and {McConnell}, N.~J. and {Wiktorowicz}, S.~J. and 
	{Marois}, C. and {Song}, I. and {Macintosh}, B. and {Graham}, J.~R. and 
	{Bessell}, M.~S. and {Doyon}, R. and {Lai}, O.},
    title = "{The Volume-limited A-Star (VAST) survey - II. Orbital motion monitoring of A-type star multiples}",
  journal = {\mnras},
archivePrefix = "arXiv",
   eprint = {1112.3666},
 primaryClass = "astro-ph.SR",
 keywords = {techniques: high angular resolution, binaries: close, binaries: general},
     year = 2012,
    month = jun,
   volume = 422,
    pages = {2765-2785},
      doi = {10.1111/j.1365-2966.2011.20397.x},
   adsurl = {http://adsabs.harvard.edu/abs/2012MNRAS.422.2765D},
  adsnote = {Provided by the SAO/NASA Astrophysics Data System}
}


@ARTICLE{Pinsonneault2001,
   author = {{Pinsonneault}, M.~H. and {DePoy}, D.~L. and {Coffee}, M.},
    title = "{The Mass of the Convective Zone in FGK Main-Sequence Stars and the Effect of Accreted Planetary Material on Apparent Metallicity Determinations}",
  journal = {\apjl},
   eprint = {astro-ph/0105257},
 keywords = {Stars: Abundances, Stars: Interiors},
     year = 2001,
    month = jul,
   volume = 556,
    pages = {L59-L62},
      doi = {10.1086/323531},
   adsurl = {http://adsabs.harvard.edu/abs/2001ApJ...556L..59P},
  adsnote = {Provided by the SAO/NASA Astrophysics Data System}
}


@ARTICLE{Martins2013,
   author = {{Martins}, J.~H.~C. and {Figueira}, P. and {Santos}, N.~C. and 
	{Lovis}, C.},
    title = "{Spectroscopic direct detection of reflected light from extrasolar planets}",
  journal = {\mnras},
archivePrefix = "arXiv",
   eprint = {1308.6516},
 primaryClass = "astro-ph.EP",
 keywords = {techniques: radial velocities, planets and satellites: detection},
     year = 2013,
    month = dec,
   volume = 436,
    pages = {1215-1224},
      doi = {10.1093/mnras/stt1642},
   adsurl = {http://adsabs.harvard.edu/abs/2013MNRAS.436.1215M},
  adsnote = {Provided by the SAO/NASA Astrophysics Data System}
}


@ARTICLE{Hatzes2003,
   author = {{Hatzes}, A.~P. and {Cochran}, W.~D. and {Endl}, M. and {McArthur}, B. and 
	{Paulson}, D.~B. and {Walker}, G.~A.~H. and {Campbell}, B. and 
	{Yang}, S.},
    title = "{A Planetary Companion to {$\gamma$} Cephei A}",
  journal = {\apj},
   eprint = {astro-ph/0305110},
 keywords = {Stars: Planetary Systems, Stars: Individual: Constellation Name: {$\gamma$} Cephei A, Techniques: Radial Velocities},
     year = 2003,
    month = dec,
   volume = 599,
    pages = {1383-1394},
      doi = {10.1086/379281},
   adsurl = {http://adsabs.harvard.edu/abs/2003ApJ...599.1383H},
  adsnote = {Provided by the SAO/NASA Astrophysics Data System}
}


@ARTICLE{Bergmann2015,
   author = {{Bergmann}, C. and {Endl}, M. and {Hearnshaw}, J.~B. and {Wittenmyer}, R.~A. and 
	{Wright}, D.~J.},
    title = "{Searching for Earth-mass planets around {$\alpha$} Centauri: precise radial velocities from contaminated spectra}",
  journal = {International Journal of Astrobiology},
archivePrefix = "arXiv",
   eprint = {1407.6415},
 primaryClass = "astro-ph.EP",
 keywords = {{$\alpha$} Centauri, data analysis, HR7578, radial velocities, spectroscopic binaries, planetary systems,},
     year = 2015,
    month = apr,
   volume = 14,
    pages = {173-176},
      doi = {10.1017/S1473550414000317},
   adsurl = {http://adsabs.harvard.edu/abs/2015IJAsB..14..173B},
  adsnote = {Provided by the SAO/NASA Astrophysics Data System}
}


@ARTICLE{Crepp2010,
   author = {{Crepp}, J. and {Serabyn}, E. and {Carson}, J. and {Ge}, J. and 
	{Kravchenko}, I.},
    title = "{On-sky Demonstration of a Linear Band-limited Mask with Application to Visual Binary Stars}",
  journal = {\apj},
archivePrefix = "arXiv",
   eprint = {1004.2932},
 primaryClass = "astro-ph.IM",
 keywords = {binaries: visual, instrumentation: adaptive optics, instrumentation: high angular resolution, planetary systems},
     year = 2010,
    month = jun,
   volume = 715,
    pages = {1533-1538},
      doi = {10.1088/0004-637X/715/2/1533},
   adsurl = {http://adsabs.harvard.edu/abs/2010ApJ...715.1533C},
  adsnote = {Provided by the SAO/NASA Astrophysics Data System}
}

@ARTICLE{Thalmann2014,
   author = {{Thalmann}, C. and {Desidera}, S. and {Bonavita}, M. and {Janson}, M. and 
	{Usuda}, T. and {Henning}, T. and {K{\"o}hler}, R. and {Carson}, J. and 
	{Boccaletti}, A. and {Bergfors}, C. and {Brandner}, W. and {Feldt}, M. and 
	{Goto}, M. and {Klahr}, H. and {Marzari}, F. and {Mordasini}, C.
	},
    title = "{SPOTS: The Search for Planets Orbiting Two Stars. I. Survey description and first observations}",
  journal = {\aap},
archivePrefix = "arXiv",
   eprint = {1409.2869},
 primaryClass = "astro-ph.EP",
 keywords = {planets and satellites: formation, planets and satellites:, detection, binaries: close, techniques: high angular resolution},
     year = 2014,
    month = dec,
   volume = 572,
      eid = {A91},
    pages = {A91},
      doi = {10.1051/0004-6361/201424581},
   adsurl = {http://adsabs.harvard.edu/abs/2014A%26A...572A..91T},
  adsnote = {Provided by the SAO/NASA Astrophysics Data System}
}

@ARTICLE{Simbad,
   author = {{Wenger}, M. and {Ochsenbein}, F. and {Egret}, D. and {Dubois}, P. and 
	{Bonnarel}, F. and {Borde}, S. and {Genova}, F. and {Jasniewicz}, G. and 
	{Lalo{\"e}}, S. and {Lesteven}, S. and {Monier}, R.},
    title = "{The SIMBAD astronomical database. The CDS reference database for astronomical objects}",
  journal = {\aaps},
   eprint = {astro-ph/0002110},
 keywords = {ASTRONOMICAL DATA BASES: MISCELLANEOUS, CATALOGS},
     year = 2000,
    month = apr,
   volume = 143,
    pages = {9-22},
      doi = {10.1051/aas:2000332},
   adsurl = {http://adsabs.harvard.edu/abs/2000A%26AS..143....9W},
  adsnote = {Provided by the SAO/NASA Astrophysics Data System}
}

@ARTICLE{Barnes1999,
   author = {{Barnes}, S.~A. and {Sofia}, S. and {Prosser}, C.~F. and {Stauffer}, J.~R.
	},
    title = "{Rotation Periods of Late-Type Stars in the Young Open Cluster IC 2602}",
  journal = {\apj},
   eprint = {astro-ph/9812168},
 keywords = {STARS: CIRCUMSTELLAR MATTER, OPEN CLUSTERS AND ASSOCIATIONS: INDIVIDUAL (IC 2602), STARS: EVOLUTION, STARS: PRE-MAIN-SEQUENCE, STARS: ROTATION, STARS: VARIABLES: OTHER, Stars: Circumstellar Matter, open clusters and associations: individual (IC 2602), Stars: Evolution, Stars: Pre-Main-Sequence, Stars: Rotation, Stars: Variables: Other},
     year = 1999,
    month = may,
   volume = 516,
    pages = {263-275},
      doi = {10.1086/307091},
   adsurl = {http://adsabs.harvard.edu/abs/1999ApJ...516..263B},
  adsnote = {Provided by the SAO/NASA Astrophysics Data System}
}


@ARTICLE{Krishnamurthi1998,
   author = {{Krishnamurthi}, A. and {Terndrup}, D.~M. and {Pinsonneault}, M.~H. and 
	{Sellgren}, K. and {Stauffer}, J.~R. and {Schild}, R. and {Backman}, D.~E. and 
	{Beisser}, K.~B. and {Dahari}, D.~B. and {Dasgupta}, A. and 
	{Hagelgans}, J.~T. and {Seeds}, M.~A. and {Anand}, R. and {Laaksonen}, B.~D. and 
	{Marschall}, L.~A. and {Ramseyer}, T.},
    title = "{New Rotation Periods in the Pleiades: Interpreting Activity Indicators}",
  journal = {\apj},
   eprint = {astro-ph/9711284},
 keywords = {STARS: ACTIVITY, STARS: EVOLUTION, STARS: ROTATION, X-RAYS: STARS, Stars: Activity, Stars: Evolution, Stars: Rotation, X-Rays: Stars},
     year = 1998,
    month = jan,
   volume = 493,
    pages = {914-925},
      doi = {10.1086/305173},
   adsurl = {http://adsabs.harvard.edu/abs/1998ApJ...493..914K},
  adsnote = {Provided by the SAO/NASA Astrophysics Data System}
}


@ARTICLE{Radick1987,
   author = {{Radick}, R.~R. and {Thompson}, D.~T. and {Lockwood}, G.~W. and 
	{Duncan}, D.~K. and {Baggett}, W.~E.},
    title = "{The activity, variability, and rotation of lower main-sequence Hyades stars}",
  journal = {\apj},
 keywords = {Late Stars, Main Sequence Stars, Stellar Activity, Stellar Rotation, Variable Stars, Calcium, Emission Spectra, Potassium, Stellar Spectra, Stellar Spectrophotometry},
     year = 1987,
    month = oct,
   volume = 321,
    pages = {459-472},
      doi = {10.1086/165645},
   adsurl = {http://adsabs.harvard.edu/abs/1987ApJ...321..459R},
  adsnote = {Provided by the SAO/NASA Astrophysics Data System}
}


@ARTICLE{Pearce1936,
   author = {{Pearce}, J.~A.},
    title = "{Investigations of binary systems.}",
  journal = {\pasp},
     year = 1936,
    month = aug,
   volume = 48,
    pages = {214-215},
      doi = {10.1086/124702},
   adsurl = {http://adsabs.harvard.edu/abs/1936PASP...48..214P},
  adsnote = {Provided by the SAO/NASA Astrophysics Data System}
}


@ARTICLE{Kraus2012,
   author = {{Kraus}, A.~L. and {Ireland}, M.~J. and {Hillenbrand}, L.~A. and 
	{Martinache}, F.},
    title = "{The Role of Multiplicity in Disk Evolution and Planet Formation}",
  journal = {\apj},
archivePrefix = "arXiv",
   eprint = {1109.4141},
 primaryClass = "astro-ph.EP",
 keywords = {binaries: close, binaries: visual, planets and satellites: formation, protoplanetary disks, stars: formation, stars: pre-main sequence},
     year = 2012,
    month = jan,
   volume = 745,
      eid = {19},
    pages = {19},
      doi = {10.1088/0004-637X/745/1/19},
   adsurl = {http://adsabs.harvard.edu/abs/2012ApJ...745...19K},
  adsnote = {Provided by the SAO/NASA Astrophysics Data System}
}



@ARTICLE{Harris2012,
   author = {{Harris}, R.~J. and {Andrews}, S.~M. and {Wilner}, D.~J. and 
	{Kraus}, A.~L.},
    title = "{A Resolved Census of Millimeter Emission from Taurus Multiple Star Systems}",
  journal = {\apj},
archivePrefix = "arXiv",
   eprint = {1203.6353},
 primaryClass = "astro-ph.SR",
 keywords = {binaries: general, protoplanetary disks, stars: formation },
     year = 2012,
    month = jun,
   volume = 751,
      eid = {115},
    pages = {115},
      doi = {10.1088/0004-637X/751/2/115},
   adsurl = {http://adsabs.harvard.edu/abs/2012ApJ...751..115H},
  adsnote = {Provided by the SAO/NASA Astrophysics Data System}
}


@ARTICLE{Toyota2009,
   author = {{Toyota}, E. and {Itoh}, Y. and {Ishiguma}, S. and {Urakawa}, S. and 
	{Murata}, D. and {Oasa}, Y. and {Matsuyama}, H. and {Funayama}, H. and 
	{Sato}, B. and {Mukai}, T.},
    title = "{Radial Velocity Search for Extrasolar Planets in Visual Binary Systems}",
  journal = {\pasj},
 keywords = {stars: binaries: visual, stars: planetary systems, techniques: radial velocities},
     year = 2009,
    month = feb,
   volume = 61,
    pages = {19-},
      doi = {10.1093/pasj/61.1.19},
   adsurl = {http://adsabs.harvard.edu/abs/2009PASJ...61...19T},
  adsnote = {Provided by the SAO/NASA Astrophysics Data System}
}


@ARTICLE{Butler1996,
   author = {{Butler}, R.~P. and {Marcy}, G.~W. and {Williams}, E. and {McCarthy}, C. and 
	{Dosanjh}, P. and {Vogt}, S.~S.},
    title = "{Attaining Doppler Precision of 3 M s-1}",
  journal = {\pasp},
 keywords = {TECHNIQUES: SPECTROSCOPIC},
     year = 1996,
    month = jun,
   volume = 108,
    pages = {500},
      doi = {10.1086/133755},
   adsurl = {http://adsabs.harvard.edu/abs/1996PASP..108..500B},
  adsnote = {Provided by the SAO/NASA Astrophysics Data System}
}


@ARTICLE{Endl2000,
   author = {{Endl}, M. and {K{\"u}rster}, M. and {Els}, S.},
    title = "{The planet search program at the ESO Coud{\'e} Echelle spectrometer. I. Data modeling technique and radial velocity precision tests}",
  journal = {\aap},
 keywords = {METHODS: DATA ANALYSIS, TECHNIQUES: RADIAL VELOCITIES, STARS: PLANETARY SYSTEMS},
     year = 2000,
    month = oct,
   volume = 362,
    pages = {585-594},
   adsurl = {http://adsabs.harvard.edu/abs/2000A%26A...362..585E},
  adsnote = {Provided by the SAO/NASA Astrophysics Data System}
}


@ARTICLE{Ramirez2014,
   author = {{Ram{\'{\i}}rez}, I. and {Bajkova}, A.~T. and {Bobylev}, V.~V. and 
	{Roederer}, I.~U. and {Lambert}, D.~L. and {Endl}, M. and {Cochran}, W.~D. and 
	{MacQueen}, P.~J. and {Wittenmyer}, R.~A.},
    title = "{Elemental Abundances of Solar Sibling Candidates}",
  journal = {\apj},
archivePrefix = "arXiv",
   eprint = {1405.1723},
 primaryClass = "astro-ph.SR",
 keywords = {stars: abundances, stars: fundamental parameters, stars: general, stars: individual: HD 162826, stars: kinematics and dynamics},
     year = 2014,
    month = jun,
   volume = 787,
      eid = {154},
    pages = {154},
      doi = {10.1088/0004-637X/787/2/154},
   adsurl = {http://adsabs.harvard.edu/abs/2014ApJ...787..154R},
  adsnote = {Provided by the SAO/NASA Astrophysics Data System}
}


@ARTICLE{Spada2013,
   author = {{Spada}, F. and {Demarque}, P. and {Kim}, Y.-C. and {Sills}, A.
	},
    title = "{The Radius Discrepancy in Low-mass Stars: Single versus Binaries}",
  journal = {\apj},
archivePrefix = "arXiv",
   eprint = {1308.5558},
 primaryClass = "astro-ph.SR",
 keywords = {stars: activity, stars: atmospheres, stars: evolution, stars: interiors, stars: low-mass},
     year = 2013,
    month = oct,
   volume = 776,
      eid = {87},
    pages = {87},
      doi = {10.1088/0004-637X/776/2/87},
   adsurl = {http://adsabs.harvard.edu/abs/2013ApJ...776...87S},
  adsnote = {Provided by the SAO/NASA Astrophysics Data System}
}


@ARTICLE{Wittenmyer2006,
   author = {{Wittenmyer}, R.~A. and {Endl}, M. and {Cochran}, W.~D. and 
	{Hatzes}, A.~P. and {Walker}, G.~A.~H. and {Yang}, S.~L.~S. and 
	{Paulson}, D.~B.},
    title = "{Detection Limits from the McDonald Observatory Planet Search Program}",
  journal = {\aj},
   eprint = {astro-ph/0604171},
 keywords = {Stars: Planetary Systems, Techniques: Radial Velocities},
     year = 2006,
    month = jul,
   volume = 132,
    pages = {177-188},
      doi = {10.1086/504942},
   adsurl = {http://adsabs.harvard.edu/abs/2006AJ....132..177W},
  adsnote = {Provided by the SAO/NASA Astrophysics Data System}
}

@ARTICLE{Fischer2009,
   author = {{Fischer}, D. and {Driscoll}, P. and {Isaacson}, H. and {Giguere}, M. and 
	{Marcy}, G.~W. and {Valenti}, J. and {Wright}, J.~T. and {Henry}, G.~W. and 
	{Johnson}, J.~A. and {Howard}, A. and {Peek}, K. and {McCarthy}, C.
	},
    title = "{Five Planets and an Independent Confirmation of HD 196885Ab from Lick Observatory}",
  journal = {\apj},
archivePrefix = "arXiv",
   eprint = {0908.1596},
 primaryClass = "astro-ph.EP",
 keywords = {planetary systems, stars: individual: HD 30562 HD 86264 HD 87883 HD 89307 HD 148427 HD 196885},
     year = 2009,
    month = oct,
   volume = 703,
    pages = {1545-1556},
      doi = {10.1088/0004-637X/703/2/1545},
   adsurl = {http://adsabs.harvard.edu/abs/2009ApJ...703.1545F},
  adsnote = {Provided by the SAO/NASA Astrophysics Data System}
}


@ARTICLE{Pepe2011,
   author = {{Pepe}, F. and {Lovis}, C. and {S{\'e}gransan}, D. and {Benz}, W. and 
	{Bouchy}, F. and {Dumusque}, X. and {Mayor}, M. and {Queloz}, D. and 
	{Santos}, N.~C. and {Udry}, S.},
    title = "{The HARPS search for Earth-like planets in the habitable zone. I. Very low-mass planets around <ASTROBJ>HD 20794</ASTROBJ>, <ASTROBJ>HD 85512</ASTROBJ>, and <ASTROBJ>HD 192310</ASTROBJ>}",
  journal = {\aap},
archivePrefix = "arXiv",
   eprint = {1108.3447},
 primaryClass = "astro-ph.EP",
 keywords = {planetary systems, instrumentation: spectrographs, techniques: radial velocities, stars: individual: HD 20794, stars: individual: HD 85512, stars: individual: HD 192310},
     year = 2011,
    month = oct,
   volume = 534,
      eid = {A58},
    pages = {A58},
      doi = {10.1051/0004-6361/201117055},
   adsurl = {http://adsabs.harvard.edu/abs/2011A%26A...534A..58P},
  adsnote = {Provided by the SAO/NASA Astrophysics Data System}
}


@ARTICLE{Dotter2008,
   author = {{Dotter}, A. and {Chaboyer}, B. and {Jevremovi{\'c}}, D. and 
	{Kostov}, V. and {Baron}, E. and {Ferguson}, J.~W.},
    title = "{The Dartmouth Stellar Evolution Database}",
  journal = {\apjs},
archivePrefix = "arXiv",
   eprint = {0804.4473},
 keywords = {Galaxy: Globular Clusters: General, Galaxy: Open Clusters and Associations: General, Stars: Evolution},
     year = 2008,
    month = sep,
   volume = 178,
    pages = {89-101},
      doi = {10.1086/589654},
   adsurl = {http://adsabs.harvard.edu/abs/2008ApJS..178...89D},
  adsnote = {Provided by the SAO/NASA Astrophysics Data System}
}



@misc{isochrones_code, 
title={isochrones: BinaryStarModel added; triangle plots tweaked.}, 
url={http://dx.doi.org/10.5281/zenodo.16304}, 
DOI={10.5281/zenodo.16304}, 
publisher={Zenodo}, 
author={Timothy Morton and styr.py and benmontet and Simon Walker}, 
year={2015}}


@ARTICLE{Montet2015,
   author = {{Montet}, B.~T. and {Morton}, T.~D. and {Foreman-Mackey}, D. and 
	{Johnson}, J.~A. and {Hogg}, D.~W. and {Bowler}, B.~P. and {Latham}, D.~W. and 
	{Bieryla}, A. and {Mann}, A.~W.},
    title = "{Stellar and Planetary Properties of K2 Campaign 1 Candidates and Validation of 18 Systems, Including a Planet Receiving Earth-like Insolation}",
  journal = {ArXiv e-prints},
archivePrefix = "arXiv",
   eprint = {1503.07866},
 primaryClass = "astro-ph.EP",
 keywords = {Astrophysics - Earth and Planetary Astrophysics, Astrophysics - Solar and Stellar Astrophysics},
     year = 2015,
    month = mar,
   adsurl = {http://adsabs.harvard.edu/abs/2015arXiv150307866M},
  adsnote = {Provided by the SAO/NASA Astrophysics Data System}
}


@ARTICLE{Aldoretta2015,
   author = {{Aldoretta}, E.~J. and {Caballero-Nieves}, S.~M. and {Gies}, D.~R. and 
	{Nelan}, E.~P. and {Wallace}, D.~J. and {Hartkopf}, W.~I. and 
	{Henry}, T.~J. and {Jao}, W.-C. and {Ma{\'{\i}}z Apell{\'a}niz}, J. and 
	{Mason}, B.~D. and {Moffat}, A.~F.~J. and {Norris}, R.~P. and 
	{Richardson}, N.~D. and {Williams}, S.~J.},
    title = "{The Multiplicity of Massive Stars: a High Angular Resolution Survey With the Guidance Sensor}",
  journal = {\aj},
archivePrefix = "arXiv",
   eprint = {1410.0021},
 primaryClass = "astro-ph.SR",
 keywords = {binaries: general, stars: early-type, stars: massive, techniques: high angular resolution},
     year = 2015,
    month = jan,
   volume = 149,
      eid = {26},
    pages = {26},
      doi = {10.1088/0004-6256/149/1/26},
   adsurl = {http://adsabs.harvard.edu/abs/2015AJ....149...26A},
  adsnote = {Provided by the SAO/NASA Astrophysics Data System}
}


@BOOK{Gray2005,
   author = {{Gray}, D.~F.},
    title = "{The Observation and Analysis of Stellar Photospheres}",
booktitle = {''The Observation and Analysis of Stellar Photospheres, 3rd Edition, by D.F.~Gray.~ISBN 0521851866.~<A href=''http://www.cambridge.org/us/catalogue/catalogue.asp?isbn=0521851866.~Cambridge''>http://www.cambridge.org/us/catalogue/catalogue.asp?isbn=0521851866.~Cambridge</A>, UK: Cambridge University Press, 2005.''},
     year = 2005,
    month = sep,
   adsurl = {http://adsabs.harvard.edu/abs/2005oasp.book.....G},
  adsnote = {Provided by the SAO/NASA Astrophysics Data System}
}



@ARTICLE{Soubiran2010,
   author = {{Soubiran}, C. and {Le Campion}, J.-F. and {Cayrel de Strobel}, G. and 
	{Caillo}, A.},
    title = "{The PASTEL catalogue of stellar parameters}",
  journal = {\aap},
archivePrefix = "arXiv",
   eprint = {1004.1069},
 primaryClass = "astro-ph.SR",
 keywords = {catalogs, stars: abundances, stars: atmospheres, stars: fundamental parameters},
     year = 2010,
    month = jun,
   volume = 515,
      eid = {A111},
    pages = {A111},
      doi = {10.1051/0004-6361/201014247},
   adsurl = {http://adsabs.harvard.edu/abs/2010A%26A...515A.111S},
  adsnote = {Provided by the SAO/NASA Astrophysics Data System}
}



@ARTICLE{Coelho2005,
   author = {{Coelho}, P. and {Barbuy}, B. and {Mel{\'e}ndez}, J. and {Schiavon}, R.~P. and 
	{Castilho}, B.~V.},
    title = "{A library of high resolution synthetic stellar spectra from 300 nm to 1.8 {$\mu$}m with solar and {$\alpha$}-enhanced composition}",
  journal = {\aap},
   eprint = {astro-ph/0505511},
 keywords = {stars: atmospheres},
     year = 2005,
    month = nov,
   volume = 443,
    pages = {735-746},
      doi = {10.1051/0004-6361:20053511},
   adsurl = {http://adsabs.harvard.edu/abs/2005A%26A...443..735C},
  adsnote = {Provided by the SAO/NASA Astrophysics Data System}
}


@ARTICLE{Gullikson2013,
   author = {{Gullikson}, K. and {Endl}, M.},
    title = "{Future Direct Spectroscopic Detection of Hot Jupiters with IGRINS}",
  journal = {\pasp},
archivePrefix = "arXiv",
   eprint = {1307.0823},
 primaryClass = "astro-ph.EP",
 keywords = {Extrasolar Planets},
     year = 2013,
    month = aug,
   volume = 125,
    pages = {924-932},
      doi = {10.1086/672272},
   adsurl = {http://adsabs.harvard.edu/abs/2013PASP..125..924G},
  adsnote = {Provided by the SAO/NASA Astrophysics Data System}
}



@article{Ciddor96, 
author = {Philip E. Ciddor}, 
journal = {Appl. Opt.}, 
keywords = {},
number = {9}, 
pages = {1566--1573}, 
publisher = {OSA},
title = {Refractive index of air: new equations for the visible and near infrared}, 
volume = {35}, 
month = {Mar},
year = {1996},
url = {http://ao.osa.org/abstract.cfm?URI=ao-35-9-1566},
doi = {10.1364/AO.35.001566},
abstract = {The precision of modern length interferometry and geodetic surveying far exceeds the accuracy, which is ultimately limited by the inadequacy of currently used equations for the refractive index of the atmosphere. I have critically reviewed recent research at the National Physical Laboratory, the International Bureau of Weights and Measures, and elsewhere that has led to revised formulas and data for the dispersion and density of the major components of the atmosphere. I have combined selected formulas from these sources to yield a set of equations that match recently reported measurements to within the experimental error, and that are expected to be reliable over very wide ranges of atmospheric parameters and wavelength.},
}



@ARTICLE{Zorec2012,
   author = {{Zorec}, J. and {Royer}, F.},
    title = "{Rotational velocities of A-type stars. IV. Evolution of rotational velocities}",
  journal = {\aap},
archivePrefix = "arXiv",
   eprint = {1201.2052},
 primaryClass = "astro-ph.SR",
 keywords = {stars: early-type, stars: rotation, stars: evolution},
     year = 2012,
    month = jan,
   volume = 537,
      eid = {A120},
    pages = {A120},
      doi = {10.1051/0004-6361/201117691},
   adsurl = {http://cdsads.u-strasbg.fr/abs/2012A%26A...537A.120Z},
  adsnote = {Provided by the SAO/NASA Astrophysics Data System}
}


@ARTICLE{Barnes2003,
   author = {{Barnes}, S.~A.},
    title = "{On the Rotational Evolution of Solar- and Late-Type Stars, Its Magnetic Origins, and the Possibility of Stellar Gyrochronology}",
  journal = {\apj},
   eprint = {astro-ph/0303631},
 keywords = {Galaxy: Open Clusters and Associations: General, Stars: Evolution, Stars: Interiors, Stars: Late-Type, Stars: Magnetic Fields, Stars: Rotation},
     year = 2003,
    month = mar,
   volume = 586,
    pages = {464-479},
      doi = {10.1086/367639},
   adsurl = {http://adsabs.harvard.edu/abs/2003ApJ...586..464B},
  adsnote = {Provided by the SAO/NASA Astrophysics Data System}
}



@ARTICLE{Bressan2012,
   author = {{Bressan}, A. and {Marigo}, P. and {Girardi}, L. and {Salasnich}, B. and 
	{Dal Cero}, C. and {Rubele}, S. and {Nanni}, A.},
    title = "{PARSEC: stellar tracks and isochrones with the PAdova and TRieste Stellar Evolution Code}",
  journal = {\mnras},
archivePrefix = "arXiv",
   eprint = {1208.4498},
 primaryClass = "astro-ph.SR",
 keywords = {stars: evolution, Hertzsprung{\dash}Russell and colour magnitude diagrams, stars: interiors, stars: low-mass},
     year = 2012,
    month = nov,
   volume = 427,
    pages = {127-145},
      doi = {10.1111/j.1365-2966.2012.21948.x},
   adsurl = {http://adsabs.harvard.edu/abs/2012MNRAS.427..127B},
  adsnote = {Provided by the SAO/NASA Astrophysics Data System}
}


@ARTICLE{Prato2002,
   author = {{Prato}, L. and {Simon}, M. and {Mazeh}, T. and {McLean}, I.~S. and 
	{Norman}, D. and {Zucker}, S.},
    title = "{The Smallest Mass Ratio Young Star Spectroscopic Binaries}",
  journal = {\apj},
   eprint = {astro-ph/0201324},
 keywords = {Stars: Binaries: Spectroscopic, Stars: Fundamental Parameters, Stars: Pre-Main-Sequence},
     year = 2002,
    month = apr,
   volume = 569,
    pages = {863-871},
      doi = {10.1086/339397},
   adsurl = {http://adsabs.harvard.edu/abs/2002ApJ...569..863P},
  adsnote = {Provided by the SAO/NASA Astrophysics Data System}
}


@ARTICLE{Burgasser2007,
   author = {{Burgasser}, A.~J.},
    title = "{SDSS J080531.84+481233.0: An Unresolved L Dwarf/T Dwarf Binary}",
  journal = {\aj},
archivePrefix = "arXiv",
   eprint = {0706.1965},
 keywords = {binaries: general, stars: fundamental parameters, stars: individual: SDSS J080531.84+481233.0, stars: low-mass, brown dwarfs},
     year = 2007,
    month = oct,
   volume = 134,
    pages = {1330-1336},
      doi = {10.1086/520878},
   adsurl = {http://adsabs.harvard.edu/abs/2007AJ....134.1330B},
  adsnote = {Provided by the SAO/NASA Astrophysics Data System}
}


@ARTICLE{Tokovinin2002,
   author = {{Tokovinin}, A.~A. and {Smekhov}, M.~G.},
    title = "{Statistics of spectroscopic sub-systems in visual multiple stars}",
  journal = {\aap},
 keywords = {BINARIES: SPECTROSCOPIC, BINARIES: VISUAL},
     year = 2002,
    month = jan,
   volume = 382,
    pages = {118-123},
      doi = {10.1051/0004-6361:20011586},
   adsurl = {http://cdsads.u-strasbg.fr/abs/2002A%26A...382..118T},
  adsnote = {Provided by the SAO/NASA Astrophysics Data System}
}






@comment{BibDesk URL Groups{
<?xml version="1.0" encoding="UTF-8"?>
<!DOCTYPE plist PUBLIC "-//Apple//DTD PLIST 1.0//EN" "http://www.apple.com/DTDs/PropertyList-1.0.dtd">
<plist version="1.0">
<array>
	<dict>
		<key>URL</key>
		<string>file://localhost/Users/kgulliks/Dropbox/School/Research/master_references.bib</string>
		<key>group name</key>
		<string>master_references.bib</string>
	</dict>
</array>
</plist>
}}
